%YAML 1.1
%TAG !u! tag:unity3d.com,2011:
--- !u!1 &184543129716651668
GameObject:
  m_ObjectHideFlags: 0
  m_CorrespondingSourceObject: {fileID: 0}
  m_PrefabInstance: {fileID: 0}
  m_PrefabAsset: {fileID: 0}
  serializedVersion: 6
  m_Component:
  - component: {fileID: 1999269766177896603}
  m_Layer: 0
  m_Name: mixamorig8:LeftHandRing3
  m_TagString: Untagged
  m_Icon: {fileID: 0}
  m_NavMeshLayer: 0
  m_StaticEditorFlags: 0
  m_IsActive: 1
--- !u!4 &1999269766177896603
Transform:
  m_ObjectHideFlags: 0
  m_CorrespondingSourceObject: {fileID: 0}
  m_PrefabInstance: {fileID: 0}
  m_PrefabAsset: {fileID: 0}
  m_GameObject: {fileID: 184543129716651668}
  m_LocalRotation: {x: -0.00000035733888, y: 0.000009679427, z: -0.002444297, w: 0.999997}
  m_LocalPosition: {x: 0.00006101073, y: 0.026585894, z: 5.408e-10}
  m_LocalScale: {x: 1, y: 1, z: 1}
  m_Children:
  - {fileID: 8143270203462103448}
  m_Father: {fileID: 7941485323150256511}
  m_RootOrder: 0
  m_LocalEulerAnglesHint: {x: -1.9790664, y: 0.010673908, z: -0.56892914}
--- !u!1 &193421546357902821
GameObject:
  m_ObjectHideFlags: 0
  m_CorrespondingSourceObject: {fileID: 0}
  m_PrefabInstance: {fileID: 0}
  m_PrefabAsset: {fileID: 0}
  serializedVersion: 6
  m_Component:
  - component: {fileID: 9097415069923217401}
  m_Layer: 0
  m_Name: mixamorig8:Hips
  m_TagString: Untagged
  m_Icon: {fileID: 0}
  m_NavMeshLayer: 0
  m_StaticEditorFlags: 0
  m_IsActive: 1
--- !u!4 &9097415069923217401
Transform:
  m_ObjectHideFlags: 0
  m_CorrespondingSourceObject: {fileID: 0}
  m_PrefabInstance: {fileID: 0}
  m_PrefabAsset: {fileID: 0}
  m_GameObject: {fileID: 193421546357902821}
  m_LocalRotation: {x: -0.0000021081123, y: 0.000004204563, z: -0.00013568932, w: 1}
  m_LocalPosition: {x: 0.000016036141, y: 0.9571344, z: 0.005006728}
  m_LocalScale: {x: 1, y: 1, z: 1}
  m_Children:
  - {fileID: 6305839539218865990}
  - {fileID: 3933631585368381660}
  - {fileID: 7274102558070398252}
  m_Father: {fileID: 8242072279963158752}
  m_RootOrder: 1
  m_LocalEulerAnglesHint: {x: -2.096801, y: 1.4320208, z: 0.51536417}
--- !u!1 &289846856983885038
GameObject:
  m_ObjectHideFlags: 0
  m_CorrespondingSourceObject: {fileID: 0}
  m_PrefabInstance: {fileID: 0}
  m_PrefabAsset: {fileID: 0}
  serializedVersion: 6
  m_Component:
  - component: {fileID: 6008175123020910592}
  m_Layer: 0
  m_Name: mixamorig8:RightToe_End
  m_TagString: Untagged
  m_Icon: {fileID: 0}
  m_NavMeshLayer: 0
  m_StaticEditorFlags: 0
  m_IsActive: 1
--- !u!4 &6008175123020910592
Transform:
  m_ObjectHideFlags: 0
  m_CorrespondingSourceObject: {fileID: 0}
  m_PrefabInstance: {fileID: 0}
  m_PrefabAsset: {fileID: 0}
  m_GameObject: {fileID: 289846856983885038}
  m_LocalRotation: {x: 0, y: -0, z: -0, w: 1}
  m_LocalPosition: {x: -4.1836104e-10, y: 0.073784724, z: 1.3647582e-10}
  m_LocalScale: {x: 1, y: 1, z: 1}
  m_Children: []
  m_Father: {fileID: 4791167364657893103}
  m_RootOrder: 0
  m_LocalEulerAnglesHint: {x: 0, y: 0, z: 0}
--- !u!1 &376175423677169984
GameObject:
  m_ObjectHideFlags: 0
  m_CorrespondingSourceObject: {fileID: 0}
  m_PrefabInstance: {fileID: 0}
  m_PrefabAsset: {fileID: 0}
  serializedVersion: 6
  m_Component:
  - component: {fileID: 7274102558070398252}
  m_Layer: 0
  m_Name: mixamorig8:Spine
  m_TagString: Untagged
  m_Icon: {fileID: 0}
  m_NavMeshLayer: 0
  m_StaticEditorFlags: 0
  m_IsActive: 1
--- !u!4 &7274102558070398252
Transform:
  m_ObjectHideFlags: 0
  m_CorrespondingSourceObject: {fileID: 0}
  m_PrefabInstance: {fileID: 0}
  m_PrefabAsset: {fileID: 0}
  m_GameObject: {fileID: 376175423677169984}
  m_LocalRotation: {x: -0.05071537, y: -0.000011080998, z: 0.00013530145, w: 0.99871314}
  m_LocalPosition: {x: -0, y: 0.104226224, z: -0.010613173}
  m_LocalScale: {x: 1, y: 1, z: 1}
  m_Children:
  - {fileID: 1918244817603367276}
  m_Father: {fileID: 9097415069923217401}
  m_RootOrder: 2
  m_LocalEulerAnglesHint: {x: 6.3108397, y: 0.100249745, z: -1.1483287}
--- !u!1 &400786487781619709
GameObject:
  m_ObjectHideFlags: 0
  m_CorrespondingSourceObject: {fileID: 0}
  m_PrefabInstance: {fileID: 0}
  m_PrefabAsset: {fileID: 0}
  serializedVersion: 6
  m_Component:
  - component: {fileID: 4791167364657893103}
  m_Layer: 0
  m_Name: mixamorig8:RightToeBase
  m_TagString: Untagged
  m_Icon: {fileID: 0}
  m_NavMeshLayer: 0
  m_StaticEditorFlags: 0
  m_IsActive: 1
--- !u!4 &4791167364657893103
Transform:
  m_ObjectHideFlags: 0
  m_CorrespondingSourceObject: {fileID: 0}
  m_PrefabInstance: {fileID: 0}
  m_PrefabAsset: {fileID: 0}
  m_GameObject: {fileID: 400786487781619709}
  m_LocalRotation: {x: 0.2905181, y: -0.099127784, z: 0.030274631, w: 0.9512394}
  m_LocalPosition: {x: 2.1272985e-10, y: 0.16424322, z: -0.0000000035093564}
  m_LocalScale: {x: 1, y: 1, z: 1}
  m_Children:
  - {fileID: 6008175123020910592}
  m_Father: {fileID: 4816153594501200136}
  m_RootOrder: 0
  m_LocalEulerAnglesHint: {x: 34.269203, y: -11.9454775, z: -0.05938329}
--- !u!1 &856647877181672994
GameObject:
  m_ObjectHideFlags: 0
  m_CorrespondingSourceObject: {fileID: 0}
  m_PrefabInstance: {fileID: 0}
  m_PrefabAsset: {fileID: 0}
  serializedVersion: 6
  m_Component:
  - component: {fileID: 8143270203462103448}
  m_Layer: 0
  m_Name: mixamorig8:LeftHandRing4
  m_TagString: Untagged
  m_Icon: {fileID: 0}
  m_NavMeshLayer: 0
  m_StaticEditorFlags: 0
  m_IsActive: 1
--- !u!4 &8143270203462103448
Transform:
  m_ObjectHideFlags: 0
  m_CorrespondingSourceObject: {fileID: 0}
  m_PrefabInstance: {fileID: 0}
  m_PrefabAsset: {fileID: 0}
  m_GameObject: {fileID: 856647877181672994}
  m_LocalRotation: {x: 0, y: -0, z: -0, w: 1}
  m_LocalPosition: {x: -0.000058188107, y: 0.022360848, z: 3.4891912e-11}
  m_LocalScale: {x: 1, y: 1, z: 1}
  m_Children: []
  m_Father: {fileID: 1999269766177896603}
  m_RootOrder: 0
  m_LocalEulerAnglesHint: {x: 0, y: 0, z: 0}
--- !u!1 &970277540273436566
GameObject:
  m_ObjectHideFlags: 0
  m_CorrespondingSourceObject: {fileID: 0}
  m_PrefabInstance: {fileID: 0}
  m_PrefabAsset: {fileID: 0}
  serializedVersion: 6
  m_Component:
  - component: {fileID: 5583191552309848629}
  m_Layer: 0
  m_Name: mixamorig8:RightHandMiddle4
  m_TagString: Untagged
  m_Icon: {fileID: 0}
  m_NavMeshLayer: 0
  m_StaticEditorFlags: 0
  m_IsActive: 1
--- !u!4 &5583191552309848629
Transform:
  m_ObjectHideFlags: 0
  m_CorrespondingSourceObject: {fileID: 0}
  m_PrefabInstance: {fileID: 0}
  m_PrefabAsset: {fileID: 0}
  m_GameObject: {fileID: 970277540273436566}
  m_LocalRotation: {x: 0, y: -0, z: -0, w: 1}
  m_LocalPosition: {x: 0.000010353435, y: 0.028444555, z: -2.5613786e-10}
  m_LocalScale: {x: 1, y: 1, z: 1}
  m_Children: []
  m_Father: {fileID: 8884149427619378459}
  m_RootOrder: 0
  m_LocalEulerAnglesHint: {x: 0, y: 0, z: 0}
--- !u!1 &1041992729653576570
GameObject:
  m_ObjectHideFlags: 0
  m_CorrespondingSourceObject: {fileID: 0}
  m_PrefabInstance: {fileID: 0}
  m_PrefabAsset: {fileID: 0}
  serializedVersion: 6
  m_Component:
  - component: {fileID: 194510787177466122}
  m_Layer: 0
  m_Name: mixamorig8:RightHandMiddle1
  m_TagString: Untagged
  m_Icon: {fileID: 0}
  m_NavMeshLayer: 0
  m_StaticEditorFlags: 0
  m_IsActive: 1
--- !u!4 &194510787177466122
Transform:
  m_ObjectHideFlags: 0
  m_CorrespondingSourceObject: {fileID: 0}
  m_PrefabInstance: {fileID: 0}
  m_PrefabAsset: {fileID: 0}
  m_GameObject: {fileID: 1041992729653576570}
  m_LocalRotation: {x: -0.011611833, y: -0.00051075657, z: 0.05329155, w: 0.9985114}
  m_LocalPosition: {x: -0.0100507755, y: 0.09750517, z: -0.0022786052}
  m_LocalScale: {x: 1, y: 1, z: 1}
  m_Children:
  - {fileID: 1977385331658419812}
  m_Father: {fileID: 3650140589137211025}
  m_RootOrder: 1
  m_LocalEulerAnglesHint: {x: 34.598698, y: 2.7769206, z: -1.144773}
--- !u!1 &1159441596019454789
GameObject:
  m_ObjectHideFlags: 0
  m_CorrespondingSourceObject: {fileID: 0}
  m_PrefabInstance: {fileID: 0}
  m_PrefabAsset: {fileID: 0}
  serializedVersion: 6
  m_Component:
  - component: {fileID: 4914249798545999589}
  m_Layer: 0
  m_Name: mixamorig8:Head
  m_TagString: Untagged
  m_Icon: {fileID: 0}
  m_NavMeshLayer: 0
  m_StaticEditorFlags: 0
  m_IsActive: 1
--- !u!4 &4914249798545999589
Transform:
  m_ObjectHideFlags: 0
  m_CorrespondingSourceObject: {fileID: 0}
  m_PrefabInstance: {fileID: 0}
  m_PrefabAsset: {fileID: 0}
  m_GameObject: {fileID: 1159441596019454789}
  m_LocalRotation: {x: 0.00000003225496, y: -4.065758e-20, z: 1.3114086e-27, w: 1}
  m_LocalPosition: {x: -0, y: 0.069745176, z: 0.02477966}
  m_LocalScale: {x: 1, y: 1, z: 1}
  m_Children:
  - {fileID: 2948411876531014654}
  m_Father: {fileID: 4806142560157411892}
  m_RootOrder: 0
  m_LocalEulerAnglesHint: {x: -8.07448, y: -0.9006979, z: 1.2531089}
--- !u!1 &1215979846203827659
GameObject:
  m_ObjectHideFlags: 0
  m_CorrespondingSourceObject: {fileID: 0}
  m_PrefabInstance: {fileID: 0}
  m_PrefabAsset: {fileID: 0}
  serializedVersion: 6
  m_Component:
  - component: {fileID: 4925070810768195429}
  m_Layer: 0
  m_Name: mixamorig8:RightHandRing4
  m_TagString: Untagged
  m_Icon: {fileID: 0}
  m_NavMeshLayer: 0
  m_StaticEditorFlags: 0
  m_IsActive: 1
--- !u!4 &4925070810768195429
Transform:
  m_ObjectHideFlags: 0
  m_CorrespondingSourceObject: {fileID: 0}
  m_PrefabInstance: {fileID: 0}
  m_PrefabAsset: {fileID: 0}
  m_GameObject: {fileID: 1215979846203827659}
  m_LocalRotation: {x: 0, y: -0, z: -0, w: 1}
  m_LocalPosition: {x: 0.000048550228, y: 0.02164097, z: 8.08933e-11}
  m_LocalScale: {x: 1, y: 1, z: 1}
  m_Children: []
  m_Father: {fileID: 3899924399008984936}
  m_RootOrder: 0
  m_LocalEulerAnglesHint: {x: 0, y: 0, z: 0}
--- !u!1 &1217842735424758275
GameObject:
  m_ObjectHideFlags: 0
  m_CorrespondingSourceObject: {fileID: 0}
  m_PrefabInstance: {fileID: 0}
  m_PrefabAsset: {fileID: 0}
  serializedVersion: 6
  m_Component:
  - component: {fileID: 8606980798519846904}
  m_Layer: 0
  m_Name: mixamorig8:LeftHandMiddle4
  m_TagString: Untagged
  m_Icon: {fileID: 0}
  m_NavMeshLayer: 0
  m_StaticEditorFlags: 0
  m_IsActive: 1
--- !u!4 &8606980798519846904
Transform:
  m_ObjectHideFlags: 0
  m_CorrespondingSourceObject: {fileID: 0}
  m_PrefabInstance: {fileID: 0}
  m_PrefabAsset: {fileID: 0}
  m_GameObject: {fileID: 1217842735424758275}
  m_LocalRotation: {x: 0, y: -0, z: -0, w: 1}
  m_LocalPosition: {x: -0.00000854321, y: 0.0294288, z: 3.1079253e-10}
  m_LocalScale: {x: 1, y: 1, z: 1}
  m_Children: []
  m_Father: {fileID: 4837577062456577984}
  m_RootOrder: 0
  m_LocalEulerAnglesHint: {x: 0, y: 0, z: 0}
--- !u!1 &1283165228163644291
GameObject:
  m_ObjectHideFlags: 0
  m_CorrespondingSourceObject: {fileID: 0}
  m_PrefabInstance: {fileID: 0}
  m_PrefabAsset: {fileID: 0}
  serializedVersion: 6
  m_Component:
  - component: {fileID: 6785323195838823788}
  m_Layer: 0
  m_Name: mixamorig8:RightHandThumb1
  m_TagString: Untagged
  m_Icon: {fileID: 0}
  m_NavMeshLayer: 0
  m_StaticEditorFlags: 0
  m_IsActive: 1
--- !u!4 &6785323195838823788
Transform:
  m_ObjectHideFlags: 0
  m_CorrespondingSourceObject: {fileID: 0}
  m_PrefabInstance: {fileID: 0}
  m_PrefabAsset: {fileID: 0}
  m_GameObject: {fileID: 1283165228163644291}
  m_LocalRotation: {x: 0.206707, y: 0.093291774, z: 0.21041566, w: 0.9509438}
  m_LocalPosition: {x: -0.02987575, y: 0.029042082, z: 0.013427038}
  m_LocalScale: {x: 1, y: 1, z: 1}
  m_Children:
  - {fileID: 8497748249632836307}
  m_Father: {fileID: 3650140589137211025}
  m_RootOrder: 4
  m_LocalEulerAnglesHint: {x: 26.625593, y: 19.747528, z: 17.609154}
--- !u!1 &1497443856981040304
GameObject:
  m_ObjectHideFlags: 0
  m_CorrespondingSourceObject: {fileID: 0}
  m_PrefabInstance: {fileID: 0}
  m_PrefabAsset: {fileID: 0}
  serializedVersion: 6
  m_Component:
  - component: {fileID: 3933631585368381660}
  m_Layer: 0
  m_Name: mixamorig8:RightUpLeg
  m_TagString: Untagged
  m_Icon: {fileID: 0}
  m_NavMeshLayer: 0
  m_StaticEditorFlags: 0
  m_IsActive: 1
--- !u!4 &3933631585368381660
Transform:
  m_ObjectHideFlags: 0
  m_CorrespondingSourceObject: {fileID: 0}
  m_PrefabInstance: {fileID: 0}
  m_PrefabAsset: {fileID: 0}
  m_GameObject: {fileID: 1497443856981040304}
  m_LocalRotation: {x: -0.002008583, y: -0.012446874, z: 0.9999136, w: -0.003735308}
  m_LocalPosition: {x: 0.09217129, y: -0.057893753, z: -0.0072553083}
  m_LocalScale: {x: 1, y: 1, z: 1}
  m_Children:
  - {fileID: 8586180282796460263}
  m_Father: {fileID: 9097415069923217401}
  m_RootOrder: 1
  m_LocalEulerAnglesHint: {x: -68.23923, y: 5.453289, z: -171.04616}
--- !u!1 &1780778672779424690
GameObject:
  m_ObjectHideFlags: 0
  m_CorrespondingSourceObject: {fileID: 0}
  m_PrefabInstance: {fileID: 0}
  m_PrefabAsset: {fileID: 0}
  serializedVersion: 6
  m_Component:
  - component: {fileID: 6429745516359819231}
  m_Layer: 0
  m_Name: mixamorig8:LeftHandMiddle1
  m_TagString: Untagged
  m_Icon: {fileID: 0}
  m_NavMeshLayer: 0
  m_StaticEditorFlags: 0
  m_IsActive: 1
--- !u!4 &6429745516359819231
Transform:
  m_ObjectHideFlags: 0
  m_CorrespondingSourceObject: {fileID: 0}
  m_PrefabInstance: {fileID: 0}
  m_PrefabAsset: {fileID: 0}
  m_GameObject: {fileID: 1780778672779424690}
  m_LocalRotation: {x: -0.010356922, y: 0.00036703056, z: -0.0541772, w: 0.9984776}
  m_LocalPosition: {x: 0.010375003, y: 0.098694034, z: -0.0020572874}
  m_LocalScale: {x: 1, y: 1, z: 1}
  m_Children:
  - {fileID: 5440564895803066021}
  m_Father: {fileID: 2642003316774356066}
  m_RootOrder: 1
  m_LocalEulerAnglesHint: {x: 22.741003, y: -2.4948647, z: -0.45286974}
--- !u!1 &2099901419587885673
GameObject:
  m_ObjectHideFlags: 0
  m_CorrespondingSourceObject: {fileID: 0}
  m_PrefabInstance: {fileID: 0}
  m_PrefabAsset: {fileID: 0}
  serializedVersion: 6
  m_Component:
  - component: {fileID: 5440564895803066021}
  m_Layer: 0
  m_Name: mixamorig8:LeftHandMiddle2
  m_TagString: Untagged
  m_Icon: {fileID: 0}
  m_NavMeshLayer: 0
  m_StaticEditorFlags: 0
  m_IsActive: 1
--- !u!4 &5440564895803066021
Transform:
  m_ObjectHideFlags: 0
  m_CorrespondingSourceObject: {fileID: 0}
  m_PrefabInstance: {fileID: 0}
  m_PrefabAsset: {fileID: 0}
  m_GameObject: {fileID: 2099901419587885673}
  m_LocalRotation: {x: -0.00000019285098, y: 0.00001288493, z: 0.0038279737, w: 0.99999267}
  m_LocalPosition: {x: -0.00012556247, y: 0.034247756, z: -2.6718935e-10}
  m_LocalScale: {x: 1, y: 1, z: 1}
  m_Children:
  - {fileID: 4837577062456577984}
  m_Father: {fileID: 6429745516359819231}
  m_RootOrder: 0
  m_LocalEulerAnglesHint: {x: 32.38388, y: 1.6033068, z: 5.529929}
--- !u!1 &2152609328173611850
GameObject:
  m_ObjectHideFlags: 0
  m_CorrespondingSourceObject: {fileID: 0}
  m_PrefabInstance: {fileID: 0}
  m_PrefabAsset: {fileID: 0}
  serializedVersion: 6
  m_Component:
  - component: {fileID: 3739726296200059154}
  m_Layer: 0
  m_Name: mixamorig8:RightHandPinky1
  m_TagString: Untagged
  m_Icon: {fileID: 0}
  m_NavMeshLayer: 0
  m_StaticEditorFlags: 0
  m_IsActive: 1
--- !u!4 &3739726296200059154
Transform:
  m_ObjectHideFlags: 0
  m_CorrespondingSourceObject: {fileID: 0}
  m_PrefabInstance: {fileID: 0}
  m_PrefabAsset: {fileID: 0}
  m_GameObject: {fileID: 2152609328173611850}
  m_LocalRotation: {x: -0.011329781, y: -0.0060369032, z: 0.051813014, w: 0.9985743}
  m_LocalPosition: {x: 0.034747105, y: 0.092017956, z: -0.0008248991}
  m_LocalScale: {x: 1, y: 1, z: 1}
  m_Children:
  - {fileID: 3566788648421962383}
  m_Father: {fileID: 3650140589137211025}
  m_RootOrder: 2
  m_LocalEulerAnglesHint: {x: -0.69263077, y: -0.85045004, z: 6.5413585}
--- !u!1 &2165868842787140313
GameObject:
  m_ObjectHideFlags: 0
  m_CorrespondingSourceObject: {fileID: 0}
  m_PrefabInstance: {fileID: 0}
  m_PrefabAsset: {fileID: 0}
  serializedVersion: 6
  m_Component:
  - component: {fileID: 2165868842787140312}
  - component: {fileID: 2165868842787140315}
  - component: {fileID: 8688388799478476593}
  - component: {fileID: 7222226896626467813}
  m_Layer: 8
  m_Name: AIPrefab
  m_TagString: Untagged
  m_Icon: {fileID: 0}
  m_NavMeshLayer: 0
  m_StaticEditorFlags: 0
  m_IsActive: 1
--- !u!4 &2165868842787140312
Transform:
  m_ObjectHideFlags: 0
  m_CorrespondingSourceObject: {fileID: 0}
  m_PrefabInstance: {fileID: 0}
  m_PrefabAsset: {fileID: 0}
  m_GameObject: {fileID: 2165868842787140313}
  m_LocalRotation: {x: 0, y: 1, z: 0, w: 0}
  m_LocalPosition: {x: 0, y: -2.77, z: 3.3}
  m_LocalScale: {x: 1, y: 1, z: 1}
  m_Children:
  - {fileID: 8242072279963158752}
  - {fileID: 3761989642261471996}
  m_Father: {fileID: 0}
  m_RootOrder: 0
  m_LocalEulerAnglesHint: {x: 0, y: 180, z: 0}
--- !u!114 &2165868842787140315
MonoBehaviour:
  m_ObjectHideFlags: 0
  m_CorrespondingSourceObject: {fileID: 0}
  m_PrefabInstance: {fileID: 0}
  m_PrefabAsset: {fileID: 0}
  m_GameObject: {fileID: 2165868842787140313}
  m_Enabled: 1
  m_EditorHideFlags: 0
  m_Script: {fileID: 11500000, guid: beb5cd60f9e59cb4695a3e35062258a2, type: 3}
  m_Name: 
  m_EditorClassIdentifier: 
  myCards: []
  myPoints: 0
  maxValue: 0
  tablePos: 0
  maxThinkingTime: 1.5
  myAction: {fileID: 2748526539776608567}
  myPointsText: {fileID: 3881505419479103791}
  myDecision: 0
  mySecondDecision: 0
  showInfo: 0
  hasAce: 0
  splitCardHasAce: 0
  canSplit: 0
  hasSplitted: 0
  mySecondPoints: 0
  wantFirstCard: 0
  wantSecondCard: 0
--- !u!114 &8688388799478476593
MonoBehaviour:
  m_ObjectHideFlags: 0
  m_CorrespondingSourceObject: {fileID: 0}
  m_PrefabInstance: {fileID: 0}
  m_PrefabAsset: {fileID: 0}
  m_GameObject: {fileID: 2165868842787140313}
  m_Enabled: 0
  m_EditorHideFlags: 0
  m_Script: {fileID: 11500000, guid: 320a8b2a979feb9418b966528bb661c1, type: 3}
  m_Name: 
  m_EditorClassIdentifier: 
--- !u!136 &7222226896626467813
CapsuleCollider:
  m_ObjectHideFlags: 0
  m_CorrespondingSourceObject: {fileID: 0}
  m_PrefabInstance: {fileID: 0}
  m_PrefabAsset: {fileID: 0}
  m_GameObject: {fileID: 2165868842787140313}
  m_Material: {fileID: 0}
  m_IsTrigger: 0
  m_Enabled: 1
  m_Radius: 0.6634536
  m_Height: 8.266681
  m_Direction: 1
  m_Center: {x: 0.029718876, y: 4.054582, z: -0.014859915}
--- !u!1 &2375792068977258808
GameObject:
  m_ObjectHideFlags: 0
  m_CorrespondingSourceObject: {fileID: 0}
  m_PrefabInstance: {fileID: 0}
  m_PrefabAsset: {fileID: 0}
  serializedVersion: 6
  m_Component:
  - component: {fileID: 8180013424131266080}
  m_Layer: 0
  m_Name: mixamorig8:RightHandRing2
  m_TagString: Untagged
  m_Icon: {fileID: 0}
  m_NavMeshLayer: 0
  m_StaticEditorFlags: 0
  m_IsActive: 1
--- !u!4 &8180013424131266080
Transform:
  m_ObjectHideFlags: 0
  m_CorrespondingSourceObject: {fileID: 0}
  m_PrefabInstance: {fileID: 0}
  m_PrefabAsset: {fileID: 0}
  m_GameObject: {fileID: 2375792068977258808}
  m_LocalRotation: {x: -0.00000034502983, y: 0.000009341207, z: 0.00036427393, w: 0.99999994}
  m_LocalPosition: {x: -0.000034621575, y: 0.028072778, z: -1.5747645e-10}
  m_LocalScale: {x: 1, y: 1, z: 1}
  m_Children:
  - {fileID: 3899924399008984936}
  m_Father: {fileID: 3035034127376154035}
  m_RootOrder: 0
  m_LocalEulerAnglesHint: {x: 28.406101, y: -1.27512, z: -5.1404243}
--- !u!1 &2496394507844246988
GameObject:
  m_ObjectHideFlags: 0
  m_CorrespondingSourceObject: {fileID: 0}
  m_PrefabInstance: {fileID: 0}
  m_PrefabAsset: {fileID: 0}
  serializedVersion: 6
  m_Component:
  - component: {fileID: 4423242643524155045}
  m_Layer: 0
  m_Name: mixamorig8:LeftHandThumb1
  m_TagString: Untagged
  m_Icon: {fileID: 0}
  m_NavMeshLayer: 0
  m_StaticEditorFlags: 0
  m_IsActive: 1
--- !u!4 &4423242643524155045
Transform:
  m_ObjectHideFlags: 0
  m_CorrespondingSourceObject: {fileID: 0}
  m_PrefabInstance: {fileID: 0}
  m_PrefabAsset: {fileID: 0}
  m_GameObject: {fileID: 2496394507844246988}
  m_LocalRotation: {x: 0.20606738, y: -0.0913122, z: -0.21275836, w: 0.9507535}
  m_LocalPosition: {x: 0.029879212, y: 0.029335128, z: 0.013479093}
  m_LocalScale: {x: 1, y: 1, z: 1}
  m_Children:
  - {fileID: 2422799352086913959}
  m_Father: {fileID: 2642003316774356066}
  m_RootOrder: 4
  m_LocalEulerAnglesHint: {x: 27.655447, y: -28.209946, z: -8.230729}
--- !u!1 &2526251050242882901
GameObject:
  m_ObjectHideFlags: 0
  m_CorrespondingSourceObject: {fileID: 0}
  m_PrefabInstance: {fileID: 0}
  m_PrefabAsset: {fileID: 0}
  serializedVersion: 6
  m_Component:
  - component: {fileID: 3393298979328914911}
  m_Layer: 0
  m_Name: mixamorig8:RightHandIndex3
  m_TagString: Untagged
  m_Icon: {fileID: 0}
  m_NavMeshLayer: 0
  m_StaticEditorFlags: 0
  m_IsActive: 1
--- !u!4 &3393298979328914911
Transform:
  m_ObjectHideFlags: 0
  m_CorrespondingSourceObject: {fileID: 0}
  m_PrefabInstance: {fileID: 0}
  m_PrefabAsset: {fileID: 0}
  m_GameObject: {fileID: 2526251050242882901}
  m_LocalRotation: {x: 0.00000017039899, y: -0.00005657235, z: -0.0011053429, w: 0.9999994}
  m_LocalPosition: {x: -0.000054751345, y: 0.030648073, z: -1.6748629e-11}
  m_LocalScale: {x: 1, y: 1, z: 1}
  m_Children:
  - {fileID: 3437928122012323089}
  m_Father: {fileID: 8390652353419963813}
  m_RootOrder: 0
  m_LocalEulerAnglesHint: {x: 7.3284564, y: -0.064359315, z: -1.2360543}
--- !u!1 &2677433446471993085
GameObject:
  m_ObjectHideFlags: 0
  m_CorrespondingSourceObject: {fileID: 0}
  m_PrefabInstance: {fileID: 0}
  m_PrefabAsset: {fileID: 0}
  serializedVersion: 6
  m_Component:
  - component: {fileID: 2313766531063133299}
  m_Layer: 0
  m_Name: mixamorig8:RightArm
  m_TagString: Untagged
  m_Icon: {fileID: 0}
  m_NavMeshLayer: 0
  m_StaticEditorFlags: 0
  m_IsActive: 1
--- !u!4 &2313766531063133299
Transform:
  m_ObjectHideFlags: 0
  m_CorrespondingSourceObject: {fileID: 0}
  m_PrefabInstance: {fileID: 0}
  m_PrefabAsset: {fileID: 0}
  m_GameObject: {fileID: 2677433446471993085}
  m_LocalRotation: {x: -0.118924044, y: 0.004522405, z: 0.011832694, w: 0.9928226}
  m_LocalPosition: {x: 1.5003944e-11, y: 0.14994441, z: 1.4417509e-10}
  m_LocalScale: {x: 1, y: 1, z: 1}
  m_Children:
  - {fileID: 6895280430533566}
  m_Father: {fileID: 1423540783924389645}
  m_RootOrder: 0
  m_LocalEulerAnglesHint: {x: 24.272, y: 15.456, z: 57.176}
--- !u!1 &2780981982674582818
GameObject:
  m_ObjectHideFlags: 0
  m_CorrespondingSourceObject: {fileID: 0}
  m_PrefabInstance: {fileID: 0}
  m_PrefabAsset: {fileID: 0}
  serializedVersion: 6
  m_Component:
  - component: {fileID: 3761989642261471996}
  - component: {fileID: 3858568844181697813}
  - component: {fileID: 887370236497000371}
  - component: {fileID: 319145577075373811}
  m_Layer: 5
  m_Name: Canvas
  m_TagString: Untagged
  m_Icon: {fileID: 0}
  m_NavMeshLayer: 0
  m_StaticEditorFlags: 0
  m_IsActive: 1
--- !u!224 &3761989642261471996
RectTransform:
  m_ObjectHideFlags: 0
  m_CorrespondingSourceObject: {fileID: 0}
  m_PrefabInstance: {fileID: 0}
  m_PrefabAsset: {fileID: 0}
  m_GameObject: {fileID: 2780981982674582818}
  m_LocalRotation: {x: -0, y: -1, z: -0, w: 0}
  m_LocalPosition: {x: 0, y: 0, z: -1.13}
  m_LocalScale: {x: 1.4000001, y: 1.8000001, z: 1}
  m_Children:
  - {fileID: 5967487034628452368}
  - {fileID: 6715893068958861385}
  - {fileID: 7348474938222992852}
  m_Father: {fileID: 2165868842787140312}
  m_RootOrder: 1
  m_LocalEulerAnglesHint: {x: 0, y: 0, z: 0}
  m_AnchorMin: {x: 0, y: 0}
  m_AnchorMax: {x: 0, y: 0}
  m_AnchoredPosition: {x: 0, y: 7.45}
  m_SizeDelta: {x: 3, y: 3}
  m_Pivot: {x: 0.5, y: 0.5}
--- !u!223 &3858568844181697813
Canvas:
  m_ObjectHideFlags: 0
  m_CorrespondingSourceObject: {fileID: 0}
  m_PrefabInstance: {fileID: 0}
  m_PrefabAsset: {fileID: 0}
  m_GameObject: {fileID: 2780981982674582818}
  m_Enabled: 1
  serializedVersion: 3
  m_RenderMode: 2
  m_Camera: {fileID: 0}
  m_PlaneDistance: 100
  m_PixelPerfect: 0
  m_ReceivesEvents: 1
  m_OverrideSorting: 0
  m_OverridePixelPerfect: 0
  m_SortingBucketNormalizedSize: 0
  m_AdditionalShaderChannelsFlag: 25
  m_SortingLayerID: 0
  m_SortingOrder: 0
  m_TargetDisplay: 0
--- !u!114 &887370236497000371
MonoBehaviour:
  m_ObjectHideFlags: 0
  m_CorrespondingSourceObject: {fileID: 0}
  m_PrefabInstance: {fileID: 0}
  m_PrefabAsset: {fileID: 0}
  m_GameObject: {fileID: 2780981982674582818}
  m_Enabled: 1
  m_EditorHideFlags: 0
  m_Script: {fileID: 11500000, guid: 0cd44c1031e13a943bb63640046fad76, type: 3}
  m_Name: 
  m_EditorClassIdentifier: 
  m_UiScaleMode: 0
  m_ReferencePixelsPerUnit: 100
  m_ScaleFactor: 1
  m_ReferenceResolution: {x: 800, y: 600}
  m_ScreenMatchMode: 0
  m_MatchWidthOrHeight: 0
  m_PhysicalUnit: 3
  m_FallbackScreenDPI: 96
  m_DefaultSpriteDPI: 96
  m_DynamicPixelsPerUnit: 1
  m_PresetInfoIsWorld: 1
--- !u!114 &319145577075373811
MonoBehaviour:
  m_ObjectHideFlags: 0
  m_CorrespondingSourceObject: {fileID: 0}
  m_PrefabInstance: {fileID: 0}
  m_PrefabAsset: {fileID: 0}
  m_GameObject: {fileID: 2780981982674582818}
  m_Enabled: 1
  m_EditorHideFlags: 0
  m_Script: {fileID: 11500000, guid: dc42784cf147c0c48a680349fa168899, type: 3}
  m_Name: 
  m_EditorClassIdentifier: 
  m_IgnoreReversedGraphics: 1
  m_BlockingObjects: 0
  m_BlockingMask:
    serializedVersion: 2
    m_Bits: 4294967295
--- !u!1 &2913399506448229616
GameObject:
  m_ObjectHideFlags: 0
  m_CorrespondingSourceObject: {fileID: 0}
  m_PrefabInstance: {fileID: 0}
  m_PrefabAsset: {fileID: 0}
  serializedVersion: 6
  m_Component:
  - component: {fileID: 2538005946653379062}
  - component: {fileID: 8350800391071410334}
  - component: {fileID: 8154641883717597564}
  m_Layer: 5
  m_Name: Text (TMP)
  m_TagString: Untagged
  m_Icon: {fileID: 0}
  m_NavMeshLayer: 0
  m_StaticEditorFlags: 0
  m_IsActive: 1
--- !u!224 &2538005946653379062
RectTransform:
  m_ObjectHideFlags: 0
  m_CorrespondingSourceObject: {fileID: 0}
  m_PrefabInstance: {fileID: 0}
  m_PrefabAsset: {fileID: 0}
  m_GameObject: {fileID: 2913399506448229616}
  m_LocalRotation: {x: 0, y: 0, z: 0, w: 1}
  m_LocalPosition: {x: 0, y: 0, z: 0}
  m_LocalScale: {x: 1, y: 1, z: 1}
  m_Children: []
  m_Father: {fileID: 7348474938222992852}
  m_RootOrder: 0
  m_LocalEulerAnglesHint: {x: 0, y: 0, z: 0}
  m_AnchorMin: {x: 0, y: 0}
  m_AnchorMax: {x: 1, y: 1}
  m_AnchoredPosition: {x: 0, y: 0}
  m_SizeDelta: {x: 0, y: 0}
  m_Pivot: {x: 0.5, y: 0.5}
--- !u!222 &8350800391071410334
CanvasRenderer:
  m_ObjectHideFlags: 0
  m_CorrespondingSourceObject: {fileID: 0}
  m_PrefabInstance: {fileID: 0}
  m_PrefabAsset: {fileID: 0}
  m_GameObject: {fileID: 2913399506448229616}
  m_CullTransparentMesh: 1
--- !u!114 &8154641883717597564
MonoBehaviour:
  m_ObjectHideFlags: 0
  m_CorrespondingSourceObject: {fileID: 0}
  m_PrefabInstance: {fileID: 0}
  m_PrefabAsset: {fileID: 0}
  m_GameObject: {fileID: 2913399506448229616}
  m_Enabled: 1
  m_EditorHideFlags: 0
  m_Script: {fileID: 11500000, guid: f4688fdb7df04437aeb418b961361dc5, type: 3}
  m_Name: 
  m_EditorClassIdentifier: 
  m_Material: {fileID: 0}
  m_Color: {r: 1, g: 1, b: 1, a: 1}
  m_RaycastTarget: 1
  m_RaycastPadding: {x: 0, y: 0, z: 0, w: 0}
  m_Maskable: 1
  m_OnCullStateChanged:
    m_PersistentCalls:
      m_Calls: []
  m_text: Throw Card
  m_isRightToLeft: 0
  m_fontAsset: {fileID: 11400000, guid: 8f586378b4e144a9851e7b34d9b748ee, type: 2}
  m_sharedMaterial: {fileID: 2180264, guid: 8f586378b4e144a9851e7b34d9b748ee, type: 2}
  m_fontSharedMaterials: []
  m_fontMaterial: {fileID: 0}
  m_fontMaterials: []
  m_fontColor32:
    serializedVersion: 2
    rgba: 4278190080
  m_fontColor: {r: 0, g: 0, b: 0, a: 1}
  m_enableVertexGradient: 0
  m_colorMode: 3
  m_fontColorGradient:
    topLeft: {r: 1, g: 1, b: 1, a: 1}
    topRight: {r: 1, g: 1, b: 1, a: 1}
    bottomLeft: {r: 1, g: 1, b: 1, a: 1}
    bottomRight: {r: 1, g: 1, b: 1, a: 1}
  m_fontColorGradientPreset: {fileID: 0}
  m_spriteAsset: {fileID: 0}
  m_tintAllSprites: 0
  m_StyleSheet: {fileID: 0}
  m_TextStyleHashCode: -1183493901
  m_overrideHtmlColors: 0
  m_faceColor:
    serializedVersion: 2
    rgba: 4294967295
  m_fontSize: 0.4
  m_fontSizeBase: 5
  m_fontWeight: 400
  m_enableAutoSizing: 1
  m_fontSizeMin: 0
  m_fontSizeMax: 72
  m_fontStyle: 0
  m_HorizontalAlignment: 2
  m_VerticalAlignment: 512
  m_textAlignment: 65535
  m_characterSpacing: 0
  m_wordSpacing: 0
  m_lineSpacing: 0
  m_lineSpacingMax: 0
  m_paragraphSpacing: 0
  m_charWidthMaxAdj: 0
  m_enableWordWrapping: 1
  m_wordWrappingRatios: 0.4
  m_overflowMode: 0
  m_linkedTextComponent: {fileID: 0}
  parentLinkedComponent: {fileID: 0}
  m_enableKerning: 1
  m_enableExtraPadding: 0
  checkPaddingRequired: 0
  m_isRichText: 1
  m_parseCtrlCharacters: 1
  m_isOrthographic: 1
  m_isCullingEnabled: 0
  m_horizontalMapping: 0
  m_verticalMapping: 0
  m_uvLineOffset: 0
  m_geometrySortingOrder: 0
  m_IsTextObjectScaleStatic: 0
  m_VertexBufferAutoSizeReduction: 1
  m_useMaxVisibleDescender: 1
  m_pageToDisplay: 1
  m_margin: {x: 0, y: 0, z: 0, w: 0}
  m_isUsingLegacyAnimationComponent: 0
  m_isVolumetricText: 0
  m_hasFontAssetChanged: 0
  m_baseMaterial: {fileID: 0}
  m_maskOffset: {x: 0, y: 0, z: 0, w: 0}
--- !u!1 &2988873894774862731
GameObject:
  m_ObjectHideFlags: 0
  m_CorrespondingSourceObject: {fileID: 0}
  m_PrefabInstance: {fileID: 0}
  m_PrefabAsset: {fileID: 0}
  serializedVersion: 6
  m_Component:
  - component: {fileID: 5967487034628452368}
  - component: {fileID: 4118534353549408168}
  - component: {fileID: 2748526539776608567}
  m_Layer: 0
  m_Name: DecisionText
  m_TagString: Untagged
  m_Icon: {fileID: 0}
  m_NavMeshLayer: 0
  m_StaticEditorFlags: 0
  m_IsActive: 1
--- !u!224 &5967487034628452368
RectTransform:
  m_ObjectHideFlags: 0
  m_CorrespondingSourceObject: {fileID: 0}
  m_PrefabInstance: {fileID: 0}
  m_PrefabAsset: {fileID: 0}
  m_GameObject: {fileID: 2988873894774862731}
  m_LocalRotation: {x: -0, y: -0, z: -0, w: 1}
  m_LocalPosition: {x: 0, y: 0, z: 0}
  m_LocalScale: {x: 1, y: 1, z: 1}
  m_Children: []
  m_Father: {fileID: 3761989642261471996}
  m_RootOrder: 0
  m_LocalEulerAnglesHint: {x: 0, y: 0, z: 0}
  m_AnchorMin: {x: 0.5, y: 0.5}
  m_AnchorMax: {x: 0.5, y: 0.5}
  m_AnchoredPosition: {x: 0, y: 0.44}
  m_SizeDelta: {x: 2, y: 1}
  m_Pivot: {x: 0.5, y: 0.5}
--- !u!222 &4118534353549408168
CanvasRenderer:
  m_ObjectHideFlags: 0
  m_CorrespondingSourceObject: {fileID: 0}
  m_PrefabInstance: {fileID: 0}
  m_PrefabAsset: {fileID: 0}
  m_GameObject: {fileID: 2988873894774862731}
  m_CullTransparentMesh: 1
--- !u!114 &2748526539776608567
MonoBehaviour:
  m_ObjectHideFlags: 0
  m_CorrespondingSourceObject: {fileID: 0}
  m_PrefabInstance: {fileID: 0}
  m_PrefabAsset: {fileID: 0}
  m_GameObject: {fileID: 2988873894774862731}
  m_Enabled: 1
  m_EditorHideFlags: 0
  m_Script: {fileID: 11500000, guid: f4688fdb7df04437aeb418b961361dc5, type: 3}
  m_Name: 
  m_EditorClassIdentifier: 
  m_Material: {fileID: 0}
  m_Color: {r: 1, g: 1, b: 1, a: 1}
  m_RaycastTarget: 1
  m_RaycastPadding: {x: 0, y: 0, z: 0, w: 0}
  m_Maskable: 1
  m_OnCullStateChanged:
    m_PersistentCalls:
      m_Calls: []
  m_text: 
  m_isRightToLeft: 0
  m_fontAsset: {fileID: 11400000, guid: 8f586378b4e144a9851e7b34d9b748ee, type: 2}
  m_sharedMaterial: {fileID: 2180264, guid: 8f586378b4e144a9851e7b34d9b748ee, type: 2}
  m_fontSharedMaterials: []
  m_fontMaterial: {fileID: 0}
  m_fontMaterials: []
  m_fontColor32:
    serializedVersion: 2
    rgba: 4278190080
  m_fontColor: {r: 0, g: 0, b: 0, a: 1}
  m_enableVertexGradient: 0
  m_colorMode: 3
  m_fontColorGradient:
    topLeft: {r: 1, g: 1, b: 1, a: 1}
    topRight: {r: 1, g: 1, b: 1, a: 1}
    bottomLeft: {r: 1, g: 1, b: 1, a: 1}
    bottomRight: {r: 1, g: 1, b: 1, a: 1}
  m_fontColorGradientPreset: {fileID: 0}
  m_spriteAsset: {fileID: 0}
  m_tintAllSprites: 0
  m_StyleSheet: {fileID: 0}
  m_TextStyleHashCode: 2194
  m_overrideHtmlColors: 0
  m_faceColor:
    serializedVersion: 2
    rgba: 4294967295
  m_fontSize: 0.35
  m_fontSizeBase: 0.4
  m_fontWeight: 400
  m_enableAutoSizing: 1
  m_fontSizeMin: 0
  m_fontSizeMax: 0.35
  m_fontStyle: 0
  m_HorizontalAlignment: 2
  m_VerticalAlignment: 1024
  m_textAlignment: 65535
  m_characterSpacing: 0
  m_wordSpacing: 0
  m_lineSpacing: 0
  m_lineSpacingMax: 0
  m_paragraphSpacing: 0
  m_charWidthMaxAdj: 0
  m_enableWordWrapping: 1
  m_wordWrappingRatios: 0.4
  m_overflowMode: 0
  m_linkedTextComponent: {fileID: 0}
  parentLinkedComponent: {fileID: 0}
  m_enableKerning: 1
  m_enableExtraPadding: 0
  checkPaddingRequired: 0
  m_isRichText: 1
  m_parseCtrlCharacters: 1
  m_isOrthographic: 1
  m_isCullingEnabled: 0
  m_horizontalMapping: 0
  m_verticalMapping: 0
  m_uvLineOffset: 0
  m_geometrySortingOrder: 0
  m_IsTextObjectScaleStatic: 0
  m_VertexBufferAutoSizeReduction: 1
  m_useMaxVisibleDescender: 1
  m_pageToDisplay: 1
  m_margin: {x: 0, y: 0, z: 0, w: 0}
  m_isUsingLegacyAnimationComponent: 0
  m_isVolumetricText: 0
  m_hasFontAssetChanged: 0
  m_baseMaterial: {fileID: 0}
  m_maskOffset: {x: 0, y: 0, z: 0, w: 0}
--- !u!1 &3033406340369565412
GameObject:
  m_ObjectHideFlags: 0
  m_CorrespondingSourceObject: {fileID: 0}
  m_PrefabInstance: {fileID: 0}
  m_PrefabAsset: {fileID: 0}
  serializedVersion: 6
  m_Component:
  - component: {fileID: 534454164089733119}
  m_Layer: 0
  m_Name: mixamorig8:LeftLeg
  m_TagString: Untagged
  m_Icon: {fileID: 0}
  m_NavMeshLayer: 0
  m_StaticEditorFlags: 0
  m_IsActive: 1
--- !u!4 &534454164089733119
Transform:
  m_ObjectHideFlags: 0
  m_CorrespondingSourceObject: {fileID: 0}
  m_PrefabInstance: {fileID: 0}
  m_PrefabAsset: {fileID: 0}
  m_GameObject: {fileID: 3033406340369565412}
  m_LocalRotation: {x: -0.02078552, y: 0.000038710547, z: 0.007935239, w: 0.9997525}
  m_LocalPosition: {x: -3.6432318e-10, y: 0.43138793, z: 4.028316e-10}
  m_LocalScale: {x: 1, y: 1, z: 1}
  m_Children:
  - {fileID: 240954410029302967}
  m_Father: {fileID: 6305839539218865990}
  m_RootOrder: 0
  m_LocalEulerAnglesHint: {x: -72.02367, y: -8.399839, z: 3.8542626}
--- !u!1 &3078161214606214551
GameObject:
  m_ObjectHideFlags: 0
  m_CorrespondingSourceObject: {fileID: 0}
  m_PrefabInstance: {fileID: 0}
  m_PrefabAsset: {fileID: 0}
  serializedVersion: 6
  m_Component:
  - component: {fileID: 2948411876531014654}
  m_Layer: 0
  m_Name: mixamorig8:HeadTop_End
  m_TagString: Untagged
  m_Icon: {fileID: 0}
  m_NavMeshLayer: 0
  m_StaticEditorFlags: 0
  m_IsActive: 1
--- !u!4 &2948411876531014654
Transform:
  m_ObjectHideFlags: 0
  m_CorrespondingSourceObject: {fileID: 0}
  m_PrefabInstance: {fileID: 0}
  m_PrefabAsset: {fileID: 0}
  m_GameObject: {fileID: 3078161214606214551}
  m_LocalRotation: {x: 6.938894e-18, y: -0, z: -0, w: 1}
  m_LocalPosition: {x: -0, y: 0.2049504, z: 0.072816506}
  m_LocalScale: {x: 1, y: 1, z: 1}
  m_Children: []
  m_Father: {fileID: 4914249798545999589}
  m_RootOrder: 0
  m_LocalEulerAnglesHint: {x: 0, y: 0, z: 0}
--- !u!1 &3108935220519323976
GameObject:
  m_ObjectHideFlags: 0
  m_CorrespondingSourceObject: {fileID: 0}
  m_PrefabInstance: {fileID: 0}
  m_PrefabAsset: {fileID: 0}
  serializedVersion: 6
  m_Component:
  - component: {fileID: 2642003316774356066}
  m_Layer: 0
  m_Name: mixamorig8:LeftHand
  m_TagString: Untagged
  m_Icon: {fileID: 0}
  m_NavMeshLayer: 0
  m_StaticEditorFlags: 0
  m_IsActive: 1
--- !u!4 &2642003316774356066
Transform:
  m_ObjectHideFlags: 0
  m_CorrespondingSourceObject: {fileID: 0}
  m_PrefabInstance: {fileID: 0}
  m_PrefabAsset: {fileID: 0}
  m_GameObject: {fileID: 3108935220519323976}
  m_LocalRotation: {x: 0.008172275, y: -0.041876737, z: 0.052726116, w: 0.9976971}
  m_LocalPosition: {x: -1.10155204e-10, y: 0.22281682, z: 7.057309e-11}
  m_LocalScale: {x: 1, y: 1, z: 1}
  m_Children:
  - {fileID: 2561105176911409226}
  - {fileID: 6429745516359819231}
  - {fileID: 3802357946402671309}
  - {fileID: 1643479721462517693}
  - {fileID: 4423242643524155045}
  m_Father: {fileID: 6445132953871700454}
  m_RootOrder: 0
  m_LocalEulerAnglesHint: {x: -45.596626, y: -37.62511, z: -12.22763}
--- !u!1 &3299282851026136116
GameObject:
  m_ObjectHideFlags: 0
  m_CorrespondingSourceObject: {fileID: 0}
  m_PrefabInstance: {fileID: 0}
  m_PrefabAsset: {fileID: 0}
  serializedVersion: 6
  m_Component:
  - component: {fileID: 8586180282796460263}
  m_Layer: 0
  m_Name: mixamorig8:RightLeg
  m_TagString: Untagged
  m_Icon: {fileID: 0}
  m_NavMeshLayer: 0
  m_StaticEditorFlags: 0
  m_IsActive: 1
--- !u!4 &8586180282796460263
Transform:
  m_ObjectHideFlags: 0
  m_CorrespondingSourceObject: {fileID: 0}
  m_PrefabInstance: {fileID: 0}
  m_PrefabAsset: {fileID: 0}
  m_GameObject: {fileID: 3299282851026136116}
  m_LocalRotation: {x: -0.0047316863, y: -0.00009197843, z: -0.007869136, w: 0.99995786}
  m_LocalPosition: {x: -7.945036e-10, y: 0.43121073, z: -7.7327594e-10}
  m_LocalScale: {x: 1, y: 1, z: 1}
  m_Children:
  - {fileID: 4816153594501200136}
  m_Father: {fileID: 3933631585368381660}
  m_RootOrder: 0
  m_LocalEulerAnglesHint: {x: -75.722725, y: 5.3717217, z: -7.642352}
--- !u!1 &3654488111268038228
GameObject:
  m_ObjectHideFlags: 0
  m_CorrespondingSourceObject: {fileID: 0}
  m_PrefabInstance: {fileID: 0}
  m_PrefabAsset: {fileID: 0}
  serializedVersion: 6
  m_Component:
  - component: {fileID: 6782813204789033116}
  m_Layer: 0
  m_Name: mixamorig8:Spine2
  m_TagString: Untagged
  m_Icon: {fileID: 0}
  m_NavMeshLayer: 0
  m_StaticEditorFlags: 0
  m_IsActive: 1
--- !u!4 &6782813204789033116
Transform:
  m_ObjectHideFlags: 0
  m_CorrespondingSourceObject: {fileID: 0}
  m_PrefabInstance: {fileID: 0}
  m_PrefabAsset: {fileID: 0}
  m_GameObject: {fileID: 3654488111268038228}
  m_LocalRotation: {x: 6.938894e-18, y: -1.2621775e-29, z: -1.5777218e-30, w: 1}
  m_LocalPosition: {x: -0, y: 0.13968682, z: -1.9749849e-10}
  m_LocalScale: {x: 1, y: 1, z: 1}
  m_Children:
  - {fileID: 6724175643196464730}
  - {fileID: 4806142560157411892}
  - {fileID: 1423540783924389645}
  m_Father: {fileID: 1918244817603367276}
  m_RootOrder: 0
  m_LocalEulerAnglesHint: {x: 9.7089405, y: 0.2550367, z: -0.3766173}
--- !u!1 &3699904959593223849
GameObject:
  m_ObjectHideFlags: 0
  m_CorrespondingSourceObject: {fileID: 0}
  m_PrefabInstance: {fileID: 0}
  m_PrefabAsset: {fileID: 0}
  serializedVersion: 6
  m_Component:
  - component: {fileID: 2085597004037492932}
  m_Layer: 0
  m_Name: mixamorig8:RightHandThumb4
  m_TagString: Untagged
  m_Icon: {fileID: 0}
  m_NavMeshLayer: 0
  m_StaticEditorFlags: 0
  m_IsActive: 1
--- !u!4 &2085597004037492932
Transform:
  m_ObjectHideFlags: 0
  m_CorrespondingSourceObject: {fileID: 0}
  m_PrefabInstance: {fileID: 0}
  m_PrefabAsset: {fileID: 0}
  m_GameObject: {fileID: 3699904959593223849}
  m_LocalRotation: {x: 0, y: -0, z: -0, w: 1}
  m_LocalPosition: {x: 0.003090688, y: 0.028167048, z: -0.0000000017846619}
  m_LocalScale: {x: 1, y: 1, z: 1}
  m_Children: []
  m_Father: {fileID: 5171879925338237152}
  m_RootOrder: 0
  m_LocalEulerAnglesHint: {x: 0, y: 0, z: 0}
--- !u!1 &3780755303259209929
GameObject:
  m_ObjectHideFlags: 0
  m_CorrespondingSourceObject: {fileID: 0}
  m_PrefabInstance: {fileID: 0}
  m_PrefabAsset: {fileID: 0}
  serializedVersion: 6
  m_Component:
  - component: {fileID: 2196020836419175011}
  m_Layer: 0
  m_Name: mixamorig8:LeftHandPinky3
  m_TagString: Untagged
  m_Icon: {fileID: 0}
  m_NavMeshLayer: 0
  m_StaticEditorFlags: 0
  m_IsActive: 1
--- !u!4 &2196020836419175011
Transform:
  m_ObjectHideFlags: 0
  m_CorrespondingSourceObject: {fileID: 0}
  m_PrefabInstance: {fileID: 0}
  m_PrefabAsset: {fileID: 0}
  m_GameObject: {fileID: 3780755303259209929}
  m_LocalRotation: {x: 0.00000014372264, y: -0.00003106259, z: -0.0002291511, w: 1}
  m_LocalPosition: {x: 0.0000701076, y: 0.02275519, z: -6.582695e-11}
  m_LocalScale: {x: 1, y: 1, z: 1}
  m_Children:
  - {fileID: 1909780467487329911}
  m_Father: {fileID: 6829464684487830384}
  m_RootOrder: 0
  m_LocalEulerAnglesHint: {x: 6.9578085, y: 0.035878114, z: 0.9751437}
--- !u!1 &3889549987105296120
GameObject:
  m_ObjectHideFlags: 0
  m_CorrespondingSourceObject: {fileID: 0}
  m_PrefabInstance: {fileID: 0}
  m_PrefabAsset: {fileID: 0}
  serializedVersion: 6
  m_Component:
  - component: {fileID: 9158377284117385373}
  m_Layer: 0
  m_Name: mixamorig8:LeftHandThumb4
  m_TagString: Untagged
  m_Icon: {fileID: 0}
  m_NavMeshLayer: 0
  m_StaticEditorFlags: 0
  m_IsActive: 1
--- !u!4 &9158377284117385373
Transform:
  m_ObjectHideFlags: 0
  m_CorrespondingSourceObject: {fileID: 0}
  m_PrefabInstance: {fileID: 0}
  m_PrefabAsset: {fileID: 0}
  m_GameObject: {fileID: 3889549987105296120}
  m_LocalRotation: {x: 0, y: -0, z: -0, w: 1}
  m_LocalPosition: {x: -0.00455336, y: 0.02604224, z: 7.3992706e-10}
  m_LocalScale: {x: 1, y: 1, z: 1}
  m_Children: []
  m_Father: {fileID: 4540290671438334968}
  m_RootOrder: 0
  m_LocalEulerAnglesHint: {x: 0, y: 0, z: 0}
--- !u!1 &3980533981186441332
GameObject:
  m_ObjectHideFlags: 0
  m_CorrespondingSourceObject: {fileID: 0}
  m_PrefabInstance: {fileID: 0}
  m_PrefabAsset: {fileID: 0}
  serializedVersion: 6
  m_Component:
  - component: {fileID: 6305839539218865990}
  m_Layer: 0
  m_Name: mixamorig8:LeftUpLeg
  m_TagString: Untagged
  m_Icon: {fileID: 0}
  m_NavMeshLayer: 0
  m_StaticEditorFlags: 0
  m_IsActive: 1
--- !u!4 &6305839539218865990
Transform:
  m_ObjectHideFlags: 0
  m_CorrespondingSourceObject: {fileID: 0}
  m_PrefabInstance: {fileID: 0}
  m_PrefabAsset: {fileID: 0}
  m_GameObject: {fileID: 3980533981186441332}
  m_LocalRotation: {x: 0.0022281376, y: -0.006840559, z: 0.9999681, w: 0.0034715403}
  m_LocalPosition: {x: -0.09217129, y: -0.057893753, z: -0.0043905997}
  m_LocalScale: {x: 1, y: 1, z: 1}
  m_Children:
  - {fileID: 534454164089733119}
  m_Father: {fileID: 9097415069923217401}
  m_RootOrder: 0
  m_LocalEulerAnglesHint: {x: -67.33375, y: 9.856031, z: 161.58679}
--- !u!1 &4127205550290952522
GameObject:
  m_ObjectHideFlags: 0
  m_CorrespondingSourceObject: {fileID: 0}
  m_PrefabInstance: {fileID: 0}
  m_PrefabAsset: {fileID: 0}
  serializedVersion: 6
  m_Component:
  - component: {fileID: 6724175643196464730}
  m_Layer: 0
  m_Name: mixamorig8:LeftShoulder
  m_TagString: Untagged
  m_Icon: {fileID: 0}
  m_NavMeshLayer: 0
  m_StaticEditorFlags: 0
  m_IsActive: 1
--- !u!4 &6724175643196464730
Transform:
  m_ObjectHideFlags: 0
  m_CorrespondingSourceObject: {fileID: 0}
  m_PrefabInstance: {fileID: 0}
  m_PrefabAsset: {fileID: 0}
  m_GameObject: {fileID: 4127205550290952522}
  m_LocalRotation: {x: 0.54893506, y: -0.4424245, z: 0.5627706, w: 0.4315323}
  m_LocalPosition: {x: -0.07303825, y: 0.13941577, z: -0.0018177024}
  m_LocalScale: {x: 1, y: 1, z: 1}
  m_Children:
  - {fileID: 8183515920624154315}
  m_Father: {fileID: 6782813204789033116}
  m_RootOrder: 0
  m_LocalEulerAnglesHint: {x: 62.25026, y: 90.31688, z: -176.84396}
--- !u!1 &4346421283925924285
GameObject:
  m_ObjectHideFlags: 0
  m_CorrespondingSourceObject: {fileID: 0}
  m_PrefabInstance: {fileID: 0}
  m_PrefabAsset: {fileID: 0}
  serializedVersion: 6
  m_Component:
  - component: {fileID: 240954410029302967}
  m_Layer: 0
  m_Name: mixamorig8:LeftFoot
  m_TagString: Untagged
  m_Icon: {fileID: 0}
  m_NavMeshLayer: 0
  m_StaticEditorFlags: 0
  m_IsActive: 1
--- !u!4 &240954410029302967
Transform:
  m_ObjectHideFlags: 0
  m_CorrespondingSourceObject: {fileID: 0}
  m_PrefabInstance: {fileID: 0}
  m_PrefabAsset: {fileID: 0}
  m_GameObject: {fileID: 4346421283925924285}
  m_LocalRotation: {x: 0.51106936, y: -0.009184471, z: -0.035961203, w: 0.8587378}
  m_LocalPosition: {x: 7.85183e-10, y: 0.36858192, z: -0.0000000013694078}
  m_LocalScale: {x: 1, y: 1, z: 1}
  m_Children:
  - {fileID: 8941568226492210658}
  m_Father: {fileID: 534454164089733119}
  m_RootOrder: 0
  m_LocalEulerAnglesHint: {x: 59.53465, y: 12.315732, z: 13.0071125}
--- !u!1 &4494018531070406031
GameObject:
  m_ObjectHideFlags: 0
  m_CorrespondingSourceObject: {fileID: 0}
  m_PrefabInstance: {fileID: 0}
  m_PrefabAsset: {fileID: 0}
  serializedVersion: 6
  m_Component:
  - component: {fileID: 4837577062456577984}
  m_Layer: 0
  m_Name: mixamorig8:LeftHandMiddle3
  m_TagString: Untagged
  m_Icon: {fileID: 0}
  m_NavMeshLayer: 0
  m_StaticEditorFlags: 0
  m_IsActive: 1
--- !u!4 &4837577062456577984
Transform:
  m_ObjectHideFlags: 0
  m_CorrespondingSourceObject: {fileID: 0}
  m_PrefabInstance: {fileID: 0}
  m_PrefabAsset: {fileID: 0}
  m_GameObject: {fileID: 4494018531070406031}
  m_LocalRotation: {x: -0.00000030268365, y: -0.000088060624, z: -0.0021414491, w: 0.99999774}
  m_LocalPosition: {x: 0.00013410552, y: 0.03369271, z: 4.2703474e-10}
  m_LocalScale: {x: 1, y: 1, z: 1}
  m_Children:
  - {fileID: 8606980798519846904}
  m_Father: {fileID: 5440564895803066021}
  m_RootOrder: 0
  m_LocalEulerAnglesHint: {x: -0.99649936, y: -0.0049169045, z: -0.38359335}
--- !u!1 &4686405921323585483
GameObject:
  m_ObjectHideFlags: 0
  m_CorrespondingSourceObject: {fileID: 0}
  m_PrefabInstance: {fileID: 0}
  m_PrefabAsset: {fileID: 0}
  serializedVersion: 6
  m_Component:
  - component: {fileID: 1423540783924389645}
  m_Layer: 0
  m_Name: mixamorig8:RightShoulder
  m_TagString: Untagged
  m_Icon: {fileID: 0}
  m_NavMeshLayer: 0
  m_StaticEditorFlags: 0
  m_IsActive: 1
--- !u!4 &1423540783924389645
Transform:
  m_ObjectHideFlags: 0
  m_CorrespondingSourceObject: {fileID: 0}
  m_PrefabInstance: {fileID: 0}
  m_PrefabAsset: {fileID: 0}
  m_GameObject: {fileID: 4686405921323585483}
  m_LocalRotation: {x: -0.54903406, y: -0.44234496, z: 0.562687, w: -0.43159708}
  m_LocalPosition: {x: 0.07303825, y: 0.13941334, z: -0.0017937531}
  m_LocalScale: {x: 1, y: 1, z: 1}
  m_Children:
  - {fileID: 2313766531063133299}
  m_Father: {fileID: 6782813204789033116}
  m_RootOrder: 2
  m_LocalEulerAnglesHint: {x: 66.88011, y: -95.425255, z: 175.733}
--- !u!1 &4894745338768146529
GameObject:
  m_ObjectHideFlags: 0
  m_CorrespondingSourceObject: {fileID: 0}
  m_PrefabInstance: {fileID: 0}
  m_PrefabAsset: {fileID: 0}
  serializedVersion: 6
  m_Component:
  - component: {fileID: 8183515920624154315}
  m_Layer: 0
  m_Name: mixamorig8:LeftArm
  m_TagString: Untagged
  m_Icon: {fileID: 0}
  m_NavMeshLayer: 0
  m_StaticEditorFlags: 0
  m_IsActive: 1
--- !u!4 &8183515920624154315
Transform:
  m_ObjectHideFlags: 0
  m_CorrespondingSourceObject: {fileID: 0}
  m_PrefabInstance: {fileID: 0}
  m_PrefabAsset: {fileID: 0}
  m_GameObject: {fileID: 4894745338768146529}
  m_LocalRotation: {x: -0.11890067, y: -0.0038218289, z: -0.012082184, w: 0.99282527}
  m_LocalPosition: {x: -1.521423e-11, y: 0.14994441, z: 1.441532e-10}
  m_LocalScale: {x: 1, y: 1, z: 1}
  m_Children:
  - {fileID: 6445132953871700454}
  m_Father: {fileID: 6724175643196464730}
  m_RootOrder: 0
  m_LocalEulerAnglesHint: {x: 24.272, y: -15.456, z: -57.176}
--- !u!1 &4959079090265037169
GameObject:
  m_ObjectHideFlags: 0
  m_CorrespondingSourceObject: {fileID: 0}
  m_PrefabInstance: {fileID: 0}
  m_PrefabAsset: {fileID: 0}
  serializedVersion: 6
  m_Component:
  - component: {fileID: 8941568226492210658}
  m_Layer: 0
  m_Name: mixamorig8:LeftToeBase
  m_TagString: Untagged
  m_Icon: {fileID: 0}
  m_NavMeshLayer: 0
  m_StaticEditorFlags: 0
  m_IsActive: 1
--- !u!4 &8941568226492210658
Transform:
  m_ObjectHideFlags: 0
  m_CorrespondingSourceObject: {fileID: 0}
  m_PrefabInstance: {fileID: 0}
  m_PrefabAsset: {fileID: 0}
  m_GameObject: {fileID: 4959079090265037169}
  m_LocalRotation: {x: 0.290726, y: 0.100996986, z: -0.030876629, w: 0.95095986}
  m_LocalPosition: {x: -8.019553e-11, y: 0.16433248, z: -0.0000000055366267}
  m_LocalScale: {x: 1, y: 1, z: 1}
  m_Children:
  - {fileID: 3019830445872016183}
  m_Father: {fileID: 240954410029302967}
  m_RootOrder: 0
  m_LocalEulerAnglesHint: {x: 37.40061, y: 12.696763, z: 0.71613765}
--- !u!1 &4971888565986000239
GameObject:
  m_ObjectHideFlags: 0
  m_CorrespondingSourceObject: {fileID: 0}
  m_PrefabInstance: {fileID: 0}
  m_PrefabAsset: {fileID: 0}
  serializedVersion: 6
  m_Component:
  - component: {fileID: 3290200795751009143}
  m_Layer: 0
  m_Name: mixamorig8:RightHandPinky3
  m_TagString: Untagged
  m_Icon: {fileID: 0}
  m_NavMeshLayer: 0
  m_StaticEditorFlags: 0
  m_IsActive: 1
--- !u!4 &3290200795751009143
Transform:
  m_ObjectHideFlags: 0
  m_CorrespondingSourceObject: {fileID: 0}
  m_PrefabInstance: {fileID: 0}
  m_PrefabAsset: {fileID: 0}
  m_GameObject: {fileID: 4971888565986000239}
  m_LocalRotation: {x: -0.000000031822097, y: 0.000020055762, z: 0.003964469, w: 0.99999213}
  m_LocalPosition: {x: -0.00008848325, y: 0.021176731, z: -1.0626593e-10}
  m_LocalScale: {x: 1, y: 1, z: 1}
  m_Children:
  - {fileID: 3081367417517242049}
  m_Father: {fileID: 3566788648421962383}
  m_RootOrder: 0
  m_LocalEulerAnglesHint: {x: 5.910987, y: -0.022666102, z: -0.5055135}
--- !u!1 &5067038440120728031
GameObject:
  m_ObjectHideFlags: 0
  m_CorrespondingSourceObject: {fileID: 0}
  m_PrefabInstance: {fileID: 0}
  m_PrefabAsset: {fileID: 0}
  serializedVersion: 6
  m_Component:
  - component: {fileID: 3899924399008984936}
  m_Layer: 0
  m_Name: mixamorig8:RightHandRing3
  m_TagString: Untagged
  m_Icon: {fileID: 0}
  m_NavMeshLayer: 0
  m_StaticEditorFlags: 0
  m_IsActive: 1
--- !u!4 &3899924399008984936
Transform:
  m_ObjectHideFlags: 0
  m_CorrespondingSourceObject: {fileID: 0}
  m_PrefabInstance: {fileID: 0}
  m_PrefabAsset: {fileID: 0}
  m_GameObject: {fileID: 5067038440120728031}
  m_LocalRotation: {x: 0.00000042352107, y: -0.00003528963, z: 0.0013912474, w: 0.99999905}
  m_LocalPosition: {x: -0.000013928841, y: 0.027009532, z: 1.4013835e-10}
  m_LocalScale: {x: 1, y: 1, z: 1}
  m_Children:
  - {fileID: 4925070810768195429}
  m_Father: {fileID: 8180013424131266080}
  m_RootOrder: 0
  m_LocalEulerAnglesHint: {x: 4.634362, y: -0.063868344, z: -0.62714475}
--- !u!1 &5293885795761131083
GameObject:
  m_ObjectHideFlags: 0
  m_CorrespondingSourceObject: {fileID: 0}
  m_PrefabInstance: {fileID: 0}
  m_PrefabAsset: {fileID: 0}
  serializedVersion: 6
  m_Component:
  - component: {fileID: 5171879925338237152}
  m_Layer: 0
  m_Name: mixamorig8:RightHandThumb3
  m_TagString: Untagged
  m_Icon: {fileID: 0}
  m_NavMeshLayer: 0
  m_StaticEditorFlags: 0
  m_IsActive: 1
--- !u!4 &5171879925338237152
Transform:
  m_ObjectHideFlags: 0
  m_CorrespondingSourceObject: {fileID: 0}
  m_PrefabInstance: {fileID: 0}
  m_PrefabAsset: {fileID: 0}
  m_GameObject: {fileID: 5293885795761131083}
  m_LocalRotation: {x: -0.0003040197, y: -0.003055659, z: 0.010102852, w: 0.99994427}
  m_LocalPosition: {x: 0.0030420586, y: 0.034052614, z: -2.961903e-10}
  m_LocalScale: {x: 1, y: 1, z: 1}
  m_Children:
  - {fileID: 2085597004037492932}
  m_Father: {fileID: 8497748249632836307}
  m_RootOrder: 0
  m_LocalEulerAnglesHint: {x: -11.945874, y: -2.675855, z: 12.53219}
--- !u!1 &5353922986284199167
GameObject:
  m_ObjectHideFlags: 0
  m_CorrespondingSourceObject: {fileID: 0}
  m_PrefabInstance: {fileID: 0}
  m_PrefabAsset: {fileID: 0}
  serializedVersion: 6
  m_Component:
  - component: {fileID: 3437928122012323089}
  m_Layer: 0
  m_Name: mixamorig8:RightHandIndex4
  m_TagString: Untagged
  m_Icon: {fileID: 0}
  m_NavMeshLayer: 0
  m_StaticEditorFlags: 0
  m_IsActive: 1
--- !u!4 &3437928122012323089
Transform:
  m_ObjectHideFlags: 0
  m_CorrespondingSourceObject: {fileID: 0}
  m_PrefabInstance: {fileID: 0}
  m_PrefabAsset: {fileID: 0}
  m_GameObject: {fileID: 5353922986284199167}
  m_LocalRotation: {x: 0, y: -0, z: -0, w: 1}
  m_LocalPosition: {x: -0.00010092697, y: 0.025216674, z: -8.149396e-10}
  m_LocalScale: {x: 1, y: 1, z: 1}
  m_Children: []
  m_Father: {fileID: 3393298979328914911}
  m_RootOrder: 0
  m_LocalEulerAnglesHint: {x: 0, y: 0, z: 0}
--- !u!1 &5488275995931589265
GameObject:
  m_ObjectHideFlags: 0
  m_CorrespondingSourceObject: {fileID: 0}
  m_PrefabInstance: {fileID: 0}
  m_PrefabAsset: {fileID: 0}
  serializedVersion: 6
  m_Component:
  - component: {fileID: 1909780467487329911}
  m_Layer: 0
  m_Name: mixamorig8:LeftHandPinky4
  m_TagString: Untagged
  m_Icon: {fileID: 0}
  m_NavMeshLayer: 0
  m_StaticEditorFlags: 0
  m_IsActive: 1
--- !u!4 &1909780467487329911
Transform:
  m_ObjectHideFlags: 0
  m_CorrespondingSourceObject: {fileID: 0}
  m_PrefabInstance: {fileID: 0}
  m_PrefabAsset: {fileID: 0}
  m_GameObject: {fileID: 5488275995931589265}
  m_LocalRotation: {x: 0, y: -0, z: -0, w: 1}
  m_LocalPosition: {x: 0.000051192746, y: 0.019480947, z: 6.5696754e-10}
  m_LocalScale: {x: 1, y: 1, z: 1}
  m_Children: []
  m_Father: {fileID: 2196020836419175011}
  m_RootOrder: 0
  m_LocalEulerAnglesHint: {x: 0, y: 0, z: 0}
--- !u!1 &5556857137295797791
GameObject:
  m_ObjectHideFlags: 0
  m_CorrespondingSourceObject: {fileID: 0}
  m_PrefabInstance: {fileID: 0}
  m_PrefabAsset: {fileID: 0}
  serializedVersion: 6
  m_Component:
  - component: {fileID: 8884149427619378459}
  m_Layer: 0
  m_Name: mixamorig8:RightHandMiddle3
  m_TagString: Untagged
  m_Icon: {fileID: 0}
  m_NavMeshLayer: 0
  m_StaticEditorFlags: 0
  m_IsActive: 1
--- !u!4 &8884149427619378459
Transform:
  m_ObjectHideFlags: 0
  m_CorrespondingSourceObject: {fileID: 0}
  m_PrefabInstance: {fileID: 0}
  m_PrefabAsset: {fileID: 0}
  m_GameObject: {fileID: 5556857137295797791}
  m_LocalRotation: {x: -0.00000050178727, y: 0.00009016934, z: 0.002326985, w: 0.9999973}
  m_LocalPosition: {x: -0.00014710732, y: 0.03416664, z: -7.603569e-10}
  m_LocalScale: {x: 1, y: 1, z: 1}
  m_Children:
  - {fileID: 5583191552309848629}
  m_Father: {fileID: 1977385331658419812}
  m_RootOrder: 0
  m_LocalEulerAnglesHint: {x: 2.056203, y: 0.36442852, z: 0.045359097}
--- !u!1 &5641828107938670489
GameObject:
  m_ObjectHideFlags: 0
  m_CorrespondingSourceObject: {fileID: 0}
  m_PrefabInstance: {fileID: 0}
  m_PrefabAsset: {fileID: 0}
  serializedVersion: 6
  m_Component:
  - component: {fileID: 6895280430533566}
  m_Layer: 0
  m_Name: mixamorig8:RightForeArm
  m_TagString: Untagged
  m_Icon: {fileID: 0}
  m_NavMeshLayer: 0
  m_StaticEditorFlags: 0
  m_IsActive: 1
--- !u!4 &6895280430533566
Transform:
  m_ObjectHideFlags: 0
  m_CorrespondingSourceObject: {fileID: 0}
  m_PrefabInstance: {fileID: 0}
  m_PrefabAsset: {fileID: 0}
  m_GameObject: {fileID: 5641828107938670489}
  m_LocalRotation: {x: -0.00000009345504, y: -0.0022613844, z: -0.0000001981257, w: 0.99999744}
  m_LocalPosition: {x: -2.1942126e-10, y: 0.25750905, z: -2.3902544e-10}
  m_LocalScale: {x: 1, y: 1, z: 1}
  m_Children:
  - {fileID: 3650140589137211025}
  m_Father: {fileID: 2313766531063133299}
  m_RootOrder: 0
  m_LocalEulerAnglesHint: {x: 11.729991, y: -8.103057, z: 62.320557}
--- !u!1 &5838998483749964651
GameObject:
  m_ObjectHideFlags: 0
  m_CorrespondingSourceObject: {fileID: 0}
  m_PrefabInstance: {fileID: 0}
  m_PrefabAsset: {fileID: 0}
  serializedVersion: 6
  m_Component:
  - component: {fileID: 3543464765804847076}
  m_Layer: 0
  m_Name: mixamorig8:LeftHandIndex3
  m_TagString: Untagged
  m_Icon: {fileID: 0}
  m_NavMeshLayer: 0
  m_StaticEditorFlags: 0
  m_IsActive: 1
--- !u!4 &3543464765804847076
Transform:
  m_ObjectHideFlags: 0
  m_CorrespondingSourceObject: {fileID: 0}
  m_PrefabInstance: {fileID: 0}
  m_PrefabAsset: {fileID: 0}
  m_GameObject: {fileID: 5838998483749964651}
  m_LocalRotation: {x: 0.0000002497264, y: 0.00017248325, z: 0.0025191798, w: 0.99999684}
  m_LocalPosition: {x: 0.000047042082, y: 0.03182262, z: -0.0000000011825552}
  m_LocalScale: {x: 1, y: 1, z: 1}
  m_Children:
  - {fileID: 5727107069280688207}
  m_Father: {fileID: 4829667476441277949}
  m_RootOrder: 0
  m_LocalEulerAnglesHint: {x: 3.2040749, y: 0.02751026, z: 0.73557615}
--- !u!1 &5879563115387341293
GameObject:
  m_ObjectHideFlags: 0
  m_CorrespondingSourceObject: {fileID: 0}
  m_PrefabInstance: {fileID: 0}
  m_PrefabAsset: {fileID: 0}
  serializedVersion: 6
  m_Component:
  - component: {fileID: 3650140589137211025}
  m_Layer: 0
  m_Name: mixamorig8:RightHand
  m_TagString: Untagged
  m_Icon: {fileID: 0}
  m_NavMeshLayer: 0
  m_StaticEditorFlags: 0
  m_IsActive: 1
--- !u!4 &3650140589137211025
Transform:
  m_ObjectHideFlags: 0
  m_CorrespondingSourceObject: {fileID: 0}
  m_PrefabInstance: {fileID: 0}
  m_PrefabAsset: {fileID: 0}
  m_GameObject: {fileID: 5879563115387341293}
  m_LocalRotation: {x: 0.0097638555, y: 0.036309656, z: -0.051715758, w: 0.99795383}
  m_LocalPosition: {x: 2.1416308e-10, y: 0.22284855, z: 2.838476e-10}
  m_LocalScale: {x: 1, y: 1, z: 1}
  m_Children:
  - {fileID: 4404189320235853679}
  - {fileID: 194510787177466122}
  - {fileID: 3739726296200059154}
  - {fileID: 3035034127376154035}
  - {fileID: 6785323195838823788}
  m_Father: {fileID: 6895280430533566}
  m_RootOrder: 0
  m_LocalEulerAnglesHint: {x: -51.768898, y: 48.165752, z: 9.189339}
--- !u!1 &6160732069949543718
GameObject:
  m_ObjectHideFlags: 0
  m_CorrespondingSourceObject: {fileID: 0}
  m_PrefabInstance: {fileID: 0}
  m_PrefabAsset: {fileID: 0}
  serializedVersion: 6
  m_Component:
  - component: {fileID: 5727107069280688207}
  m_Layer: 0
  m_Name: mixamorig8:LeftHandIndex4
  m_TagString: Untagged
  m_Icon: {fileID: 0}
  m_NavMeshLayer: 0
  m_StaticEditorFlags: 0
  m_IsActive: 1
--- !u!4 &5727107069280688207
Transform:
  m_ObjectHideFlags: 0
  m_CorrespondingSourceObject: {fileID: 0}
  m_PrefabInstance: {fileID: 0}
  m_PrefabAsset: {fileID: 0}
  m_GameObject: {fileID: 6160732069949543718}
  m_LocalRotation: {x: 0, y: -0, z: -0, w: 1}
  m_LocalPosition: {x: 0.00017816994, y: 0.027318634, z: 0.0000000012534539}
  m_LocalScale: {x: 1, y: 1, z: 1}
  m_Children: []
  m_Father: {fileID: 3543464765804847076}
  m_RootOrder: 0
  m_LocalEulerAnglesHint: {x: 0, y: 0, z: 0}
--- !u!1 &6268177523934539061
GameObject:
  m_ObjectHideFlags: 0
  m_CorrespondingSourceObject: {fileID: 0}
  m_PrefabInstance: {fileID: 0}
  m_PrefabAsset: {fileID: 0}
  serializedVersion: 6
  m_Component:
  - component: {fileID: 3566788648421962383}
  m_Layer: 0
  m_Name: mixamorig8:RightHandPinky2
  m_TagString: Untagged
  m_Icon: {fileID: 0}
  m_NavMeshLayer: 0
  m_StaticEditorFlags: 0
  m_IsActive: 1
--- !u!4 &3566788648421962383
Transform:
  m_ObjectHideFlags: 0
  m_CorrespondingSourceObject: {fileID: 0}
  m_PrefabInstance: {fileID: 0}
  m_PrefabAsset: {fileID: 0}
  m_GameObject: {fileID: 6268177523934539061}
  m_LocalRotation: {x: 0.00000055180055, y: -0.00010237375, z: -0.0024955305, w: 0.9999969}
  m_LocalPosition: {x: 0.000022462478, y: 0.026331156, z: 1.2757483e-10}
  m_LocalScale: {x: 1, y: 1, z: 1}
  m_Children:
  - {fileID: 3290200795751009143}
  m_Father: {fileID: 3739726296200059154}
  m_RootOrder: 0
  m_LocalEulerAnglesHint: {x: 26.878107, y: -1.1624719, z: -5.0033}
--- !u!1 &6531185339068760530
GameObject:
  m_ObjectHideFlags: 0
  m_CorrespondingSourceObject: {fileID: 0}
  m_PrefabInstance: {fileID: 0}
  m_PrefabAsset: {fileID: 0}
  serializedVersion: 6
  m_Component:
  - component: {fileID: 7800358146843046773}
  - component: {fileID: 8490535086093121790}
  m_Layer: 0
  m_Name: Ch32
  m_TagString: Untagged
  m_Icon: {fileID: 0}
  m_NavMeshLayer: 0
  m_StaticEditorFlags: 0
  m_IsActive: 1
--- !u!4 &7800358146843046773
Transform:
  m_ObjectHideFlags: 0
  m_CorrespondingSourceObject: {fileID: 0}
  m_PrefabInstance: {fileID: 0}
  m_PrefabAsset: {fileID: 0}
  m_GameObject: {fileID: 6531185339068760530}
  m_LocalRotation: {x: 0, y: -0, z: -0, w: 1}
  m_LocalPosition: {x: -0, y: 0, z: 0}
  m_LocalScale: {x: 1, y: 1, z: 1}
  m_Children: []
  m_Father: {fileID: 8242072279963158752}
  m_RootOrder: 0
  m_LocalEulerAnglesHint: {x: 0, y: 0, z: 0}
--- !u!137 &8490535086093121790
SkinnedMeshRenderer:
  m_ObjectHideFlags: 0
  m_CorrespondingSourceObject: {fileID: 0}
  m_PrefabInstance: {fileID: 0}
  m_PrefabAsset: {fileID: 0}
  m_GameObject: {fileID: 6531185339068760530}
  m_Enabled: 1
  m_CastShadows: 1
  m_ReceiveShadows: 1
  m_DynamicOccludee: 1
  m_MotionVectors: 1
  m_LightProbeUsage: 1
  m_ReflectionProbeUsage: 1
  m_RayTracingMode: 3
  m_RayTraceProcedural: 0
  m_RenderingLayerMask: 1
  m_RendererPriority: 0
  m_Materials:
  - {fileID: 2396866110408635876, guid: fbc42ced9bfabb341b8e5d51ea11f7ac, type: 3}
  m_StaticBatchInfo:
    firstSubMesh: 0
    subMeshCount: 0
  m_StaticBatchRoot: {fileID: 0}
  m_ProbeAnchor: {fileID: 0}
  m_LightProbeVolumeOverride: {fileID: 0}
  m_ScaleInLightmap: 1
  m_ReceiveGI: 1
  m_PreserveUVs: 0
  m_IgnoreNormalsForChartDetection: 0
  m_ImportantGI: 0
  m_StitchLightmapSeams: 1
  m_SelectedEditorRenderState: 3
  m_MinimumChartSize: 4
  m_AutoUVMaxDistance: 0.5
  m_AutoUVMaxAngle: 89
  m_LightmapParameters: {fileID: 0}
  m_SortingLayerID: 0
  m_SortingLayer: 0
  m_SortingOrder: 0
  serializedVersion: 2
  m_Quality: 0
  m_UpdateWhenOffscreen: 0
  m_SkinnedMotionVectors: 1
  m_Mesh: {fileID: 4659950864537851583, guid: fbc42ced9bfabb341b8e5d51ea11f7ac, type: 3}
  m_Bones:
  - {fileID: 8586180282796460263}
  - {fileID: 4791167364657893103}
  - {fileID: 4816153594501200136}
  - {fileID: 3933631585368381660}
  - {fileID: 534454164089733119}
  - {fileID: 240954410029302967}
  - {fileID: 8941568226492210658}
  - {fileID: 6305839539218865990}
  - {fileID: 9097415069923217401}
  - {fileID: 7274102558070398252}
  - {fileID: 1918244817603367276}
  - {fileID: 6782813204789033116}
  - {fileID: 6724175643196464730}
  - {fileID: 8183515920624154315}
  - {fileID: 4806142560157411892}
  - {fileID: 4914249798545999589}
  - {fileID: 6445132953871700454}
  - {fileID: 2642003316774356066}
  - {fileID: 3802357946402671309}
  - {fileID: 4423242643524155045}
  - {fileID: 1423540783924389645}
  - {fileID: 2313766531063133299}
  - {fileID: 194510787177466122}
  - {fileID: 6895280430533566}
  - {fileID: 3650140589137211025}
  - {fileID: 6785323195838823788}
  - {fileID: 5440564895803066021}
  - {fileID: 4837577062456577984}
  - {fileID: 6429745516359819231}
  - {fileID: 4829667476441277949}
  - {fileID: 3543464765804847076}
  - {fileID: 2561105176911409226}
  - {fileID: 1643479721462517693}
  - {fileID: 7941485323150256511}
  - {fileID: 6829464684487830384}
  - {fileID: 2196020836419175011}
  - {fileID: 1999269766177896603}
  - {fileID: 2422799352086913959}
  - {fileID: 4540290671438334968}
  - {fileID: 8884149427619378459}
  - {fileID: 1977385331658419812}
  - {fileID: 8390652353419963813}
  - {fileID: 3393298979328914911}
  - {fileID: 4404189320235853679}
  - {fileID: 3035034127376154035}
  - {fileID: 3739726296200059154}
  - {fileID: 8180013424131266080}
  - {fileID: 3899924399008984936}
  - {fileID: 3566788648421962383}
  - {fileID: 3290200795751009143}
  - {fileID: 8497748249632836307}
  - {fileID: 5171879925338237152}
  m_BlendShapeWeights: []
  m_RootBone: {fileID: 9097415069923217401}
  m_AABB:
    m_Center: {x: 0.000043600798, y: -0.14017668, z: 0.040811814}
    m_Extent: {x: 0.8960048, y: 0.9475409, z: 0.28971007}
  m_DirtyAABB: 0
--- !u!1 &6553723355621065968
GameObject:
  m_ObjectHideFlags: 0
  m_CorrespondingSourceObject: {fileID: 0}
  m_PrefabInstance: {fileID: 0}
  m_PrefabAsset: {fileID: 0}
  serializedVersion: 6
  m_Component:
  - component: {fileID: 4829667476441277949}
  m_Layer: 0
  m_Name: mixamorig8:LeftHandIndex2
  m_TagString: Untagged
  m_Icon: {fileID: 0}
  m_NavMeshLayer: 0
  m_StaticEditorFlags: 0
  m_IsActive: 1
--- !u!4 &4829667476441277949
Transform:
  m_ObjectHideFlags: 0
  m_CorrespondingSourceObject: {fileID: 0}
  m_PrefabInstance: {fileID: 0}
  m_PrefabAsset: {fileID: 0}
  m_GameObject: {fileID: 6553723355621065968}
  m_LocalRotation: {x: 0.0000001808541, y: -0.00018668738, z: 0.0041124816, w: 0.99999154}
  m_LocalPosition: {x: -0.00022521193, y: 0.033341933, z: -1.8905381e-10}
  m_LocalScale: {x: 1, y: 1, z: 1}
  m_Children:
  - {fileID: 3543464765804847076}
  m_Father: {fileID: 2561105176911409226}
  m_RootOrder: 0
  m_LocalEulerAnglesHint: {x: 43.309402, y: 3.339953, z: 8.151278}
--- !u!1 &6727808144303201219
GameObject:
  m_ObjectHideFlags: 0
  m_CorrespondingSourceObject: {fileID: 0}
  m_PrefabInstance: {fileID: 0}
  m_PrefabAsset: {fileID: 0}
  serializedVersion: 6
  m_Component:
  - component: {fileID: 4816153594501200136}
  m_Layer: 0
  m_Name: mixamorig8:RightFoot
  m_TagString: Untagged
  m_Icon: {fileID: 0}
  m_NavMeshLayer: 0
  m_StaticEditorFlags: 0
  m_IsActive: 1
--- !u!4 &4816153594501200136
Transform:
  m_ObjectHideFlags: 0
  m_CorrespondingSourceObject: {fileID: 0}
  m_PrefabInstance: {fileID: 0}
  m_PrefabAsset: {fileID: 0}
  m_GameObject: {fileID: 6727808144303201219}
  m_LocalRotation: {x: 0.5019293, y: 0.009680822, z: 0.035699595, w: 0.8641174}
  m_LocalPosition: {x: -8.919272e-11, y: 0.36843476, z: -0.0000000010475045}
  m_LocalScale: {x: 1, y: 1, z: 1}
  m_Children:
  - {fileID: 4791167364657893103}
  m_Father: {fileID: 8586180282796460263}
  m_RootOrder: 0
  m_LocalEulerAnglesHint: {x: 63.9959, y: 4.1875896, z: 6.228913}
--- !u!1 &6770658331872098944
GameObject:
  m_ObjectHideFlags: 0
  m_CorrespondingSourceObject: {fileID: 0}
  m_PrefabInstance: {fileID: 0}
  m_PrefabAsset: {fileID: 0}
  serializedVersion: 6
  m_Component:
  - component: {fileID: 6715893068958861385}
  - component: {fileID: 1763284651944122873}
  - component: {fileID: 3881505419479103791}
  m_Layer: 0
  m_Name: CurrentPointText
  m_TagString: Untagged
  m_Icon: {fileID: 0}
  m_NavMeshLayer: 0
  m_StaticEditorFlags: 0
  m_IsActive: 1
--- !u!224 &6715893068958861385
RectTransform:
  m_ObjectHideFlags: 0
  m_CorrespondingSourceObject: {fileID: 0}
  m_PrefabInstance: {fileID: 0}
  m_PrefabAsset: {fileID: 0}
  m_GameObject: {fileID: 6770658331872098944}
  m_LocalRotation: {x: -0, y: -0, z: -0, w: 1}
  m_LocalPosition: {x: 0, y: 0, z: 0}
  m_LocalScale: {x: 1, y: 1, z: 1}
  m_Children: []
  m_Father: {fileID: 3761989642261471996}
  m_RootOrder: 1
  m_LocalEulerAnglesHint: {x: 0, y: 0, z: 0}
  m_AnchorMin: {x: 0.5, y: 0.5}
  m_AnchorMax: {x: 0.5, y: 0.5}
  m_AnchoredPosition: {x: 0, y: -0.29}
  m_SizeDelta: {x: 2, y: 1}
  m_Pivot: {x: 0.5, y: 0.5}
--- !u!222 &1763284651944122873
CanvasRenderer:
  m_ObjectHideFlags: 0
  m_CorrespondingSourceObject: {fileID: 0}
  m_PrefabInstance: {fileID: 0}
  m_PrefabAsset: {fileID: 0}
  m_GameObject: {fileID: 6770658331872098944}
  m_CullTransparentMesh: 1
--- !u!114 &3881505419479103791
MonoBehaviour:
  m_ObjectHideFlags: 0
  m_CorrespondingSourceObject: {fileID: 0}
  m_PrefabInstance: {fileID: 0}
  m_PrefabAsset: {fileID: 0}
  m_GameObject: {fileID: 6770658331872098944}
  m_Enabled: 1
  m_EditorHideFlags: 0
  m_Script: {fileID: 11500000, guid: f4688fdb7df04437aeb418b961361dc5, type: 3}
  m_Name: 
  m_EditorClassIdentifier: 
  m_Material: {fileID: 0}
  m_Color: {r: 1, g: 1, b: 1, a: 1}
  m_RaycastTarget: 1
  m_RaycastPadding: {x: 0, y: 0, z: 0, w: 0}
  m_Maskable: 1
  m_OnCullStateChanged:
    m_PersistentCalls:
      m_Calls: []
  m_text: 00
  m_isRightToLeft: 0
  m_fontAsset: {fileID: 11400000, guid: 8f586378b4e144a9851e7b34d9b748ee, type: 2}
  m_sharedMaterial: {fileID: 2180264, guid: 8f586378b4e144a9851e7b34d9b748ee, type: 2}
  m_fontSharedMaterials: []
  m_fontMaterial: {fileID: 0}
  m_fontMaterials: []
  m_fontColor32:
    serializedVersion: 2
    rgba: 4278190080
  m_fontColor: {r: 0, g: 0, b: 0, a: 1}
  m_enableVertexGradient: 0
  m_colorMode: 3
  m_fontColorGradient:
    topLeft: {r: 1, g: 1, b: 1, a: 1}
    topRight: {r: 1, g: 1, b: 1, a: 1}
    bottomLeft: {r: 1, g: 1, b: 1, a: 1}
    bottomRight: {r: 1, g: 1, b: 1, a: 1}
  m_fontColorGradientPreset: {fileID: 0}
  m_spriteAsset: {fileID: 0}
  m_tintAllSprites: 0
  m_StyleSheet: {fileID: 0}
  m_TextStyleHashCode: -1183493901
  m_overrideHtmlColors: 0
  m_faceColor:
    serializedVersion: 2
    rgba: 4294967295
  m_fontSize: 0.4
  m_fontSizeBase: 5
  m_fontWeight: 400
  m_enableAutoSizing: 1
  m_fontSizeMin: 0
  m_fontSizeMax: 0.4
  m_fontStyle: 0
  m_HorizontalAlignment: 2
  m_VerticalAlignment: 512
  m_textAlignment: 65535
  m_characterSpacing: 0
  m_wordSpacing: 0
  m_lineSpacing: 0
  m_lineSpacingMax: 0
  m_paragraphSpacing: 0
  m_charWidthMaxAdj: 0
  m_enableWordWrapping: 1
  m_wordWrappingRatios: 0.4
  m_overflowMode: 0
  m_linkedTextComponent: {fileID: 0}
  parentLinkedComponent: {fileID: 0}
  m_enableKerning: 1
  m_enableExtraPadding: 0
  checkPaddingRequired: 0
  m_isRichText: 1
  m_parseCtrlCharacters: 1
  m_isOrthographic: 1
  m_isCullingEnabled: 0
  m_horizontalMapping: 0
  m_verticalMapping: 0
  m_uvLineOffset: 0
  m_geometrySortingOrder: 0
  m_IsTextObjectScaleStatic: 0
  m_VertexBufferAutoSizeReduction: 1
  m_useMaxVisibleDescender: 1
  m_pageToDisplay: 1
  m_margin: {x: 0, y: 0, z: 0, w: 0}
  m_isUsingLegacyAnimationComponent: 0
  m_isVolumetricText: 0
  m_hasFontAssetChanged: 0
  m_baseMaterial: {fileID: 0}
  m_maskOffset: {x: 0, y: 0, z: 0, w: 0}
--- !u!1 &6793395163905115336
GameObject:
  m_ObjectHideFlags: 0
  m_CorrespondingSourceObject: {fileID: 0}
  m_PrefabInstance: {fileID: 0}
  m_PrefabAsset: {fileID: 0}
  serializedVersion: 6
  m_Component:
  - component: {fileID: 1643479721462517693}
  m_Layer: 0
  m_Name: mixamorig8:LeftHandRing1
  m_TagString: Untagged
  m_Icon: {fileID: 0}
  m_NavMeshLayer: 0
  m_StaticEditorFlags: 0
  m_IsActive: 1
--- !u!4 &1643479721462517693
Transform:
  m_ObjectHideFlags: 0
  m_CorrespondingSourceObject: {fileID: 0}
  m_PrefabInstance: {fileID: 0}
  m_PrefabAsset: {fileID: 0}
  m_GameObject: {fileID: 6793395163905115336}
  m_LocalRotation: {x: -0.010178115, y: 0.0037945719, z: -0.052429106, w: 0.99856555}
  m_LocalPosition: {x: -0.012029687, y: 0.10246635, z: -0.0016676508}
  m_LocalScale: {x: 1, y: 1, z: 1}
  m_Children:
  - {fileID: 7941485323150256511}
  m_Father: {fileID: 2642003316774356066}
  m_RootOrder: 3
  m_LocalEulerAnglesHint: {x: 24.226034, y: -1.7788458, z: -1.349159}
--- !u!1 &7007683225411996518
GameObject:
  m_ObjectHideFlags: 0
  m_CorrespondingSourceObject: {fileID: 0}
  m_PrefabInstance: {fileID: 0}
  m_PrefabAsset: {fileID: 0}
  serializedVersion: 6
  m_Component:
  - component: {fileID: 1977385331658419812}
  m_Layer: 0
  m_Name: mixamorig8:RightHandMiddle2
  m_TagString: Untagged
  m_Icon: {fileID: 0}
  m_NavMeshLayer: 0
  m_StaticEditorFlags: 0
  m_IsActive: 1
--- !u!4 &1977385331658419812
Transform:
  m_ObjectHideFlags: 0
  m_CorrespondingSourceObject: {fileID: 0}
  m_PrefabInstance: {fileID: 0}
  m_PrefabAsset: {fileID: 0}
  m_GameObject: {fileID: 7007683225411996518}
  m_LocalRotation: {x: 0.00000009242093, y: -0.000015168262, z: -0.0041128695, w: 0.99999154}
  m_LocalPosition: {x: 0.000136754, y: 0.03491933, z: -4.183559e-10}
  m_LocalScale: {x: 1, y: 1, z: 1}
  m_Children:
  - {fileID: 8884149427619378459}
  m_Father: {fileID: 194510787177466122}
  m_RootOrder: 0
  m_LocalEulerAnglesHint: {x: 21.617224, y: -0.74425024, z: -3.9095287}
--- !u!1 &7149182297866811324
GameObject:
  m_ObjectHideFlags: 0
  m_CorrespondingSourceObject: {fileID: 0}
  m_PrefabInstance: {fileID: 0}
  m_PrefabAsset: {fileID: 0}
  serializedVersion: 6
  m_Component:
  - component: {fileID: 8390652353419963813}
  m_Layer: 0
  m_Name: mixamorig8:RightHandIndex2
  m_TagString: Untagged
  m_Icon: {fileID: 0}
  m_NavMeshLayer: 0
  m_StaticEditorFlags: 0
  m_IsActive: 1
--- !u!4 &8390652353419963813
Transform:
  m_ObjectHideFlags: 0
  m_CorrespondingSourceObject: {fileID: 0}
  m_PrefabInstance: {fileID: 0}
  m_PrefabAsset: {fileID: 0}
  m_GameObject: {fileID: 7149182297866811324}
  m_LocalRotation: {x: -0.0000001787859, y: 0.00009155776, z: -0.0033553732, w: 0.9999944}
  m_LocalPosition: {x: 0.00015567722, y: 0.031730566, z: -2.7192043e-10}
  m_LocalScale: {x: 1, y: 1, z: 1}
  m_Children:
  - {fileID: 3393298979328914911}
  m_Father: {fileID: 4404189320235853679}
  m_RootOrder: 0
  m_LocalEulerAnglesHint: {x: 24.44617, y: -0.968312, z: -4.3372784}
--- !u!1 &7359207845102080709
GameObject:
  m_ObjectHideFlags: 0
  m_CorrespondingSourceObject: {fileID: 0}
  m_PrefabInstance: {fileID: 0}
  m_PrefabAsset: {fileID: 0}
  serializedVersion: 6
  m_Component:
  - component: {fileID: 2561105176911409226}
  m_Layer: 0
  m_Name: mixamorig8:LeftHandIndex1
  m_TagString: Untagged
  m_Icon: {fileID: 0}
  m_NavMeshLayer: 0
  m_StaticEditorFlags: 0
  m_IsActive: 1
--- !u!4 &2561105176911409226
Transform:
  m_ObjectHideFlags: 0
  m_CorrespondingSourceObject: {fileID: 0}
  m_PrefabInstance: {fileID: 0}
  m_PrefabAsset: {fileID: 0}
  m_GameObject: {fileID: 7359207845102080709}
  m_LocalRotation: {x: -0.0103429025, y: 0.0006462733, z: -0.055712458, w: 0.9983931}
  m_LocalPosition: {x: 0.034875672, y: 0.0930291, z: 0.0015734215}
  m_LocalScale: {x: 1, y: 1, z: 1}
  m_Children:
  - {fileID: 4829667476441277949}
  m_Father: {fileID: 2642003316774356066}
  m_RootOrder: 0
  m_LocalEulerAnglesHint: {x: 28.378893, y: -2.4521976, z: -1.2011443}
--- !u!1 &7399561469399572239
GameObject:
  m_ObjectHideFlags: 0
  m_CorrespondingSourceObject: {fileID: 0}
  m_PrefabInstance: {fileID: 0}
  m_PrefabAsset: {fileID: 0}
  serializedVersion: 6
  m_Component:
  - component: {fileID: 6445132953871700454}
  m_Layer: 0
  m_Name: mixamorig8:LeftForeArm
  m_TagString: Untagged
  m_Icon: {fileID: 0}
  m_NavMeshLayer: 0
  m_StaticEditorFlags: 0
  m_IsActive: 1
--- !u!4 &6445132953871700454
Transform:
  m_ObjectHideFlags: 0
  m_CorrespondingSourceObject: {fileID: 0}
  m_PrefabInstance: {fileID: 0}
  m_PrefabAsset: {fileID: 0}
  m_GameObject: {fileID: 7399561469399572239}
  m_LocalRotation: {x: 0.0000004132413, y: 0.00210006, z: 0.00000027984868, w: 0.9999978}
  m_LocalPosition: {x: -1.3628812e-10, y: 0.25743407, z: -3.6196182e-10}
  m_LocalScale: {x: 1, y: 1, z: 1}
  m_Children:
  - {fileID: 2642003316774356066}
  m_Father: {fileID: 8183515920624154315}
  m_RootOrder: 0
  m_LocalEulerAnglesHint: {x: 11.63138, y: 8.043165, z: -61.657475}
--- !u!1 &7504588566652174658
GameObject:
  m_ObjectHideFlags: 0
  m_CorrespondingSourceObject: {fileID: 0}
  m_PrefabInstance: {fileID: 0}
  m_PrefabAsset: {fileID: 0}
  serializedVersion: 6
  m_Component:
  - component: {fileID: 3802357946402671309}
  m_Layer: 0
  m_Name: mixamorig8:LeftHandPinky1
  m_TagString: Untagged
  m_Icon: {fileID: 0}
  m_NavMeshLayer: 0
  m_StaticEditorFlags: 0
  m_IsActive: 1
--- !u!4 &3802357946402671309
Transform:
  m_ObjectHideFlags: 0
  m_CorrespondingSourceObject: {fileID: 0}
  m_PrefabInstance: {fileID: 0}
  m_PrefabAsset: {fileID: 0}
  m_GameObject: {fileID: 7504588566652174658}
  m_LocalRotation: {x: -0.010239098, y: 0.0027128658, z: -0.05461228, w: 0.9984515}
  m_LocalPosition: {x: -0.033220988, y: 0.08982608, z: 0.0003339178}
  m_LocalScale: {x: 1, y: 1, z: 1}
  m_Children:
  - {fileID: 6829464684487830384}
  m_Father: {fileID: 2642003316774356066}
  m_RootOrder: 2
  m_LocalEulerAnglesHint: {x: 20.842434, y: -2.1730664, z: 3.6198328}
--- !u!1 &7766138135234805972
GameObject:
  m_ObjectHideFlags: 0
  m_CorrespondingSourceObject: {fileID: 0}
  m_PrefabInstance: {fileID: 0}
  m_PrefabAsset: {fileID: 0}
  serializedVersion: 6
  m_Component:
  - component: {fileID: 6829464684487830384}
  m_Layer: 0
  m_Name: mixamorig8:LeftHandPinky2
  m_TagString: Untagged
  m_Icon: {fileID: 0}
  m_NavMeshLayer: 0
  m_StaticEditorFlags: 0
  m_IsActive: 1
--- !u!4 &6829464684487830384
Transform:
  m_ObjectHideFlags: 0
  m_CorrespondingSourceObject: {fileID: 0}
  m_PrefabInstance: {fileID: 0}
  m_PrefabAsset: {fileID: 0}
  m_GameObject: {fileID: 7766138135234805972}
  m_LocalRotation: {x: 0.0000004165793, y: -0.00006813225, z: 0.0037891273, w: 0.99999285}
  m_LocalPosition: {x: -0.00012130054, y: 0.026877347, z: -2.2626409e-10}
  m_LocalScale: {x: 1, y: 1, z: 1}
  m_Children:
  - {fileID: 2196020836419175011}
  m_Father: {fileID: 3802357946402671309}
  m_RootOrder: 0
  m_LocalEulerAnglesHint: {x: 15.531803, y: -0.75039524, z: -1.5535461}
--- !u!1 &8157742843815346511
GameObject:
  m_ObjectHideFlags: 0
  m_CorrespondingSourceObject: {fileID: 0}
  m_PrefabInstance: {fileID: 0}
  m_PrefabAsset: {fileID: 0}
  serializedVersion: 6
  m_Component:
  - component: {fileID: 7941485323150256511}
  m_Layer: 0
  m_Name: mixamorig8:LeftHandRing2
  m_TagString: Untagged
  m_Icon: {fileID: 0}
  m_NavMeshLayer: 0
  m_StaticEditorFlags: 0
  m_IsActive: 1
--- !u!4 &7941485323150256511
Transform:
  m_ObjectHideFlags: 0
  m_CorrespondingSourceObject: {fileID: 0}
  m_PrefabInstance: {fileID: 0}
  m_PrefabAsset: {fileID: 0}
  m_GameObject: {fileID: 8157742843815346511}
  m_LocalRotation: {x: -0.00000022559037, y: 0.00003489812, z: 0.0012010194, w: 0.9999993}
  m_LocalPosition: {x: -0.0000028224588, y: 0.027913392, z: -5.885576e-10}
  m_LocalScale: {x: 1, y: 1, z: 1}
  m_Children:
  - {fileID: 1999269766177896603}
  m_Father: {fileID: 1643479721462517693}
  m_RootOrder: 0
  m_LocalEulerAnglesHint: {x: 22.131128, y: 0.6716728, z: 3.5384378}
--- !u!1 &8285996630305980799
GameObject:
  m_ObjectHideFlags: 0
  m_CorrespondingSourceObject: {fileID: 0}
  m_PrefabInstance: {fileID: 0}
  m_PrefabAsset: {fileID: 0}
  serializedVersion: 6
  m_Component:
  - component: {fileID: 7348474938222992852}
  - component: {fileID: 2410835300872839046}
  - component: {fileID: 7314312689911857978}
  - component: {fileID: 8297609562899801442}
  - component: {fileID: 4155304311342830237}
  m_Layer: 5
  m_Name: ThrowCardButton
  m_TagString: Untagged
  m_Icon: {fileID: 0}
  m_NavMeshLayer: 0
  m_StaticEditorFlags: 0
  m_IsActive: 0
--- !u!224 &7348474938222992852
RectTransform:
  m_ObjectHideFlags: 0
  m_CorrespondingSourceObject: {fileID: 0}
  m_PrefabInstance: {fileID: 0}
  m_PrefabAsset: {fileID: 0}
  m_GameObject: {fileID: 8285996630305980799}
  m_LocalRotation: {x: -0, y: -0, z: -0, w: 1}
  m_LocalPosition: {x: 0, y: 0, z: -1}
  m_LocalScale: {x: 1, y: 1, z: 1}
  m_Children:
  - {fileID: 2538005946653379062}
  m_Father: {fileID: 3761989642261471996}
  m_RootOrder: 2
  m_LocalEulerAnglesHint: {x: 0, y: 0, z: 0}
  m_AnchorMin: {x: 0.5, y: 0.5}
  m_AnchorMax: {x: 0.5, y: 0.5}
  m_AnchoredPosition: {x: 0.02, y: -1.48}
  m_SizeDelta: {x: 2, y: 1}
  m_Pivot: {x: 0.5, y: 0.5}
--- !u!222 &2410835300872839046
CanvasRenderer:
  m_ObjectHideFlags: 0
  m_CorrespondingSourceObject: {fileID: 0}
  m_PrefabInstance: {fileID: 0}
  m_PrefabAsset: {fileID: 0}
  m_GameObject: {fileID: 8285996630305980799}
  m_CullTransparentMesh: 1
--- !u!114 &7314312689911857978
MonoBehaviour:
  m_ObjectHideFlags: 0
  m_CorrespondingSourceObject: {fileID: 0}
  m_PrefabInstance: {fileID: 0}
  m_PrefabAsset: {fileID: 0}
  m_GameObject: {fileID: 8285996630305980799}
  m_Enabled: 1
  m_EditorHideFlags: 0
  m_Script: {fileID: 11500000, guid: fe87c0e1cc204ed48ad3b37840f39efc, type: 3}
  m_Name: 
  m_EditorClassIdentifier: 
  m_Material: {fileID: 0}
  m_Color: {r: 1, g: 1, b: 1, a: 1}
  m_RaycastTarget: 1
  m_RaycastPadding: {x: 0, y: 0, z: 0, w: 0}
  m_Maskable: 1
  m_OnCullStateChanged:
    m_PersistentCalls:
      m_Calls: []
  m_Sprite: {fileID: 10905, guid: 0000000000000000f000000000000000, type: 0}
  m_Type: 0
  m_PreserveAspect: 0
  m_FillCenter: 1
  m_FillMethod: 4
  m_FillAmount: 1
  m_FillClockwise: 1
  m_FillOrigin: 0
  m_UseSpriteMesh: 0
  m_PixelsPerUnitMultiplier: 1
--- !u!114 &8297609562899801442
MonoBehaviour:
  m_ObjectHideFlags: 0
  m_CorrespondingSourceObject: {fileID: 0}
  m_PrefabInstance: {fileID: 0}
  m_PrefabAsset: {fileID: 0}
  m_GameObject: {fileID: 8285996630305980799}
  m_Enabled: 1
  m_EditorHideFlags: 0
  m_Script: {fileID: 11500000, guid: 4e29b1a8efbd4b44bb3f3716e73f07ff, type: 3}
  m_Name: 
  m_EditorClassIdentifier: 
  m_Navigation:
    m_Mode: 3
    m_WrapAround: 0
    m_SelectOnUp: {fileID: 0}
    m_SelectOnDown: {fileID: 0}
    m_SelectOnLeft: {fileID: 0}
    m_SelectOnRight: {fileID: 0}
  m_Transition: 1
  m_Colors:
    m_NormalColor: {r: 1, g: 1, b: 1, a: 1}
    m_HighlightedColor: {r: 0.9607843, g: 0.9607843, b: 0.9607843, a: 1}
    m_PressedColor: {r: 0.78431374, g: 0.78431374, b: 0.78431374, a: 1}
    m_SelectedColor: {r: 0.9607843, g: 0.9607843, b: 0.9607843, a: 1}
    m_DisabledColor: {r: 0.78431374, g: 0.78431374, b: 0.78431374, a: 0.5019608}
    m_ColorMultiplier: 1
    m_FadeDuration: 0.1
  m_SpriteState:
    m_HighlightedSprite: {fileID: 0}
    m_PressedSprite: {fileID: 0}
    m_SelectedSprite: {fileID: 0}
    m_DisabledSprite: {fileID: 0}
  m_AnimationTriggers:
    m_NormalTrigger: Normal
    m_HighlightedTrigger: Highlighted
    m_PressedTrigger: Pressed
    m_SelectedTrigger: Selected
    m_DisabledTrigger: Disabled
  m_Interactable: 1
  m_TargetGraphic: {fileID: 7314312689911857978}
  m_OnClick:
    m_PersistentCalls:
      m_Calls: []
--- !u!114 &4155304311342830237
MonoBehaviour:
  m_ObjectHideFlags: 0
  m_CorrespondingSourceObject: {fileID: 0}
  m_PrefabInstance: {fileID: 0}
  m_PrefabAsset: {fileID: 0}
  m_GameObject: {fileID: 8285996630305980799}
  m_Enabled: 1
  m_EditorHideFlags: 0
  m_Script: {fileID: 11500000, guid: edfcb7f7f5478934eabaf93967f9ecd9, type: 3}
  m_Name: 
  m_EditorClassIdentifier: 
--- !u!1 &8298686376039891985
GameObject:
  m_ObjectHideFlags: 0
  m_CorrespondingSourceObject: {fileID: 0}
  m_PrefabInstance: {fileID: 0}
  m_PrefabAsset: {fileID: 0}
  serializedVersion: 6
  m_Component:
  - component: {fileID: 8497748249632836307}
  m_Layer: 0
  m_Name: mixamorig8:RightHandThumb2
  m_TagString: Untagged
  m_Icon: {fileID: 0}
  m_NavMeshLayer: 0
  m_StaticEditorFlags: 0
  m_IsActive: 1
--- !u!4 &8497748249632836307
Transform:
  m_ObjectHideFlags: 0
  m_CorrespondingSourceObject: {fileID: 0}
  m_PrefabInstance: {fileID: 0}
  m_PrefabAsset: {fileID: 0}
  m_GameObject: {fileID: 8298686376039891985}
  m_LocalRotation: {x: 0.00008896321, y: -0.0020529975, z: 0.13217683, w: 0.99122405}
  m_LocalPosition: {x: -0.0061327456, y: 0.03447916, z: 7.296623e-10}
  m_LocalScale: {x: 1, y: 1, z: 1}
  m_Children:
  - {fileID: 5171879925338237152}
  m_Father: {fileID: 6785323195838823788}
  m_RootOrder: 0
  m_LocalEulerAnglesHint: {x: 1.3704368, y: 4.7135897, z: -16.61648}
--- !u!1 &8344442623073113782
GameObject:
  m_ObjectHideFlags: 0
  m_CorrespondingSourceObject: {fileID: 0}
  m_PrefabInstance: {fileID: 0}
  m_PrefabAsset: {fileID: 0}
  serializedVersion: 6
  m_Component:
  - component: {fileID: 2422799352086913959}
  m_Layer: 0
  m_Name: mixamorig8:LeftHandThumb2
  m_TagString: Untagged
  m_Icon: {fileID: 0}
  m_NavMeshLayer: 0
  m_StaticEditorFlags: 0
  m_IsActive: 1
--- !u!4 &2422799352086913959
Transform:
  m_ObjectHideFlags: 0
  m_CorrespondingSourceObject: {fileID: 0}
  m_PrefabInstance: {fileID: 0}
  m_PrefabAsset: {fileID: 0}
  m_GameObject: {fileID: 8344442623073113782}
  m_LocalRotation: {x: 0.00020144944, y: 0.0031487858, z: -0.11298072, w: 0.9935922}
  m_LocalPosition: {x: 0.0062036472, y: 0.034639806, z: 0.0000000013233102}
  m_LocalScale: {x: 1, y: 1, z: 1}
  m_Children:
  - {fileID: 4540290671438334968}
  m_Father: {fileID: 4423242643524155045}
  m_RootOrder: 0
  m_LocalEulerAnglesHint: {x: -8.1924, y: 0.7444923, z: -2.871612}
--- !u!1 &8354235635994610074
GameObject:
  m_ObjectHideFlags: 0
  m_CorrespondingSourceObject: {fileID: 0}
  m_PrefabInstance: {fileID: 0}
  m_PrefabAsset: {fileID: 0}
  serializedVersion: 6
  m_Component:
  - component: {fileID: 3081367417517242049}
  m_Layer: 0
  m_Name: mixamorig8:RightHandPinky4
  m_TagString: Untagged
  m_Icon: {fileID: 0}
  m_NavMeshLayer: 0
  m_StaticEditorFlags: 0
  m_IsActive: 1
--- !u!4 &3081367417517242049
Transform:
  m_ObjectHideFlags: 0
  m_CorrespondingSourceObject: {fileID: 0}
  m_PrefabInstance: {fileID: 0}
  m_PrefabAsset: {fileID: 0}
  m_GameObject: {fileID: 8354235635994610074}
  m_LocalRotation: {x: 0, y: -0, z: -0, w: 1}
  m_LocalPosition: {x: 0.0000660209, y: 0.017489774, z: 4.957178e-10}
  m_LocalScale: {x: 1, y: 1, z: 1}
  m_Children: []
  m_Father: {fileID: 3290200795751009143}
  m_RootOrder: 0
  m_LocalEulerAnglesHint: {x: 0, y: 0, z: 0}
--- !u!1 &8508960105666264103
GameObject:
  m_ObjectHideFlags: 0
  m_CorrespondingSourceObject: {fileID: 0}
  m_PrefabInstance: {fileID: 0}
  m_PrefabAsset: {fileID: 0}
  serializedVersion: 6
  m_Component:
  - component: {fileID: 4404189320235853679}
  m_Layer: 0
  m_Name: mixamorig8:RightHandIndex1
  m_TagString: Untagged
  m_Icon: {fileID: 0}
  m_NavMeshLayer: 0
  m_StaticEditorFlags: 0
  m_IsActive: 1
--- !u!4 &4404189320235853679
Transform:
  m_ObjectHideFlags: 0
  m_CorrespondingSourceObject: {fileID: 0}
  m_PrefabInstance: {fileID: 0}
  m_PrefabAsset: {fileID: 0}
  m_GameObject: {fileID: 8508960105666264103}
  m_LocalRotation: {x: -0.0116068665, y: -0.0005990069, z: 0.053788245, w: 0.99848473}
  m_LocalPosition: {x: -0.036352657, y: 0.09768909, z: 0.001020317}
  m_LocalScale: {x: 1, y: 1, z: 1}
  m_Children:
  - {fileID: 8390652353419963813}
  m_Father: {fileID: 3650140589137211025}
  m_RootOrder: 0
  m_LocalEulerAnglesHint: {x: 34.30758, y: 2.6559434, z: -0.7362382}
--- !u!1 &8534616291304905646
GameObject:
  m_ObjectHideFlags: 0
  m_CorrespondingSourceObject: {fileID: 0}
  m_PrefabInstance: {fileID: 0}
  m_PrefabAsset: {fileID: 0}
  serializedVersion: 6
  m_Component:
  - component: {fileID: 4806142560157411892}
  m_Layer: 0
  m_Name: mixamorig8:Neck
  m_TagString: Untagged
  m_Icon: {fileID: 0}
  m_NavMeshLayer: 0
  m_StaticEditorFlags: 0
  m_IsActive: 1
--- !u!4 &4806142560157411892
Transform:
  m_ObjectHideFlags: 0
  m_CorrespondingSourceObject: {fileID: 0}
  m_PrefabInstance: {fileID: 0}
  m_PrefabAsset: {fileID: 0}
  m_GameObject: {fileID: 8534616291304905646}
  m_LocalRotation: {x: 0.050717518, y: 5.9645373e-21, z: 1.387289e-20, w: 0.9987131}
  m_LocalPosition: {x: -0, y: 0.1571477, z: 0.000000011499259}
  m_LocalScale: {x: 1, y: 1, z: 1}
  m_Children:
  - {fileID: 4914249798545999589}
  m_Father: {fileID: 6782813204789033116}
  m_RootOrder: 1
  m_LocalEulerAnglesHint: {x: 7.496768, y: -1.3491832, z: 1.5716335}
--- !u!1 &8670839612582076259
GameObject:
  m_ObjectHideFlags: 0
  m_CorrespondingSourceObject: {fileID: 0}
  m_PrefabInstance: {fileID: 0}
  m_PrefabAsset: {fileID: 0}
  serializedVersion: 6
  m_Component:
  - component: {fileID: 4540290671438334968}
  m_Layer: 0
  m_Name: mixamorig8:LeftHandThumb3
  m_TagString: Untagged
  m_Icon: {fileID: 0}
  m_NavMeshLayer: 0
  m_StaticEditorFlags: 0
  m_IsActive: 1
--- !u!4 &4540290671438334968
Transform:
  m_ObjectHideFlags: 0
  m_CorrespondingSourceObject: {fileID: 0}
  m_PrefabInstance: {fileID: 0}
  m_PrefabAsset: {fileID: 0}
  m_GameObject: {fileID: 8670839612582076259}
  m_LocalRotation: {x: -0.0011504242, y: 0.01030861, z: -0.061886016, w: 0.99802935}
  m_LocalPosition: {x: -0.0016502824, y: 0.033492323, z: -5.8627364e-10}
  m_LocalScale: {x: 1, y: 1, z: 1}
  m_Children:
  - {fileID: 9158377284117385373}
  m_Father: {fileID: 2422799352086913959}
  m_RootOrder: 0
  m_LocalEulerAnglesHint: {x: 0.29932103, y: 1.3873516, z: -7.5365353}
--- !u!1 &8730907089808659034
GameObject:
  m_ObjectHideFlags: 0
  m_CorrespondingSourceObject: {fileID: 0}
  m_PrefabInstance: {fileID: 0}
  m_PrefabAsset: {fileID: 0}
  serializedVersion: 6
  m_Component:
  - component: {fileID: 8242072279963158752}
  - component: {fileID: 2630548332735468186}
  m_Layer: 0
  m_Name: model
  m_TagString: Untagged
  m_Icon: {fileID: 0}
  m_NavMeshLayer: 0
  m_StaticEditorFlags: 0
  m_IsActive: 1
--- !u!4 &8242072279963158752
Transform:
  m_ObjectHideFlags: 0
  m_CorrespondingSourceObject: {fileID: 0}
  m_PrefabInstance: {fileID: 0}
  m_PrefabAsset: {fileID: 0}
  m_GameObject: {fileID: 8730907089808659034}
  m_LocalRotation: {x: 0, y: 0, z: 0, w: 1}
  m_LocalPosition: {x: 0, y: 0, z: 0}
  m_LocalScale: {x: 4.5, y: 4.5, z: 4.5}
  m_Children:
  - {fileID: 7800358146843046773}
  - {fileID: 9097415069923217401}
  m_Father: {fileID: 2165868842787140312}
  m_RootOrder: 0
  m_LocalEulerAnglesHint: {x: 0, y: 0, z: 0}
--- !u!95 &2630548332735468186
Animator:
  serializedVersion: 3
  m_ObjectHideFlags: 0
  m_CorrespondingSourceObject: {fileID: 0}
  m_PrefabInstance: {fileID: 0}
  m_PrefabAsset: {fileID: 0}
  m_GameObject: {fileID: 8730907089808659034}
  m_Enabled: 1
  m_Avatar: {fileID: 9000000, guid: fbc42ced9bfabb341b8e5d51ea11f7ac, type: 3}
  m_Controller: {fileID: 9100000, guid: ed71a952f93c6e54ab92575d5095b615, type: 2}
  m_CullingMode: 1
  m_UpdateMode: 0
  m_ApplyRootMotion: 1
  m_LinearVelocityBlending: 0
  m_WarningMessage: 
  m_HasTransformHierarchy: 1
  m_AllowConstantClipSamplingOptimization: 1
  m_KeepAnimatorControllerStateOnDisable: 0
--- !u!1 &8969158566915370832
GameObject:
  m_ObjectHideFlags: 0
  m_CorrespondingSourceObject: {fileID: 0}
  m_PrefabInstance: {fileID: 0}
  m_PrefabAsset: {fileID: 0}
  serializedVersion: 6
  m_Component:
  - component: {fileID: 3019830445872016183}
  m_Layer: 0
  m_Name: mixamorig8:LeftToe_End
  m_TagString: Untagged
  m_Icon: {fileID: 0}
  m_NavMeshLayer: 0
  m_StaticEditorFlags: 0
  m_IsActive: 1
--- !u!4 &3019830445872016183
Transform:
  m_ObjectHideFlags: 0
  m_CorrespondingSourceObject: {fileID: 0}
  m_PrefabInstance: {fileID: 0}
  m_PrefabAsset: {fileID: 0}
  m_GameObject: {fileID: 8969158566915370832}
  m_LocalRotation: {x: 0, y: -0, z: -0, w: 1}
  m_LocalPosition: {x: -5.4935695e-10, y: 0.07254374, z: -6.0380555e-11}
  m_LocalScale: {x: 1, y: 1, z: 1}
  m_Children: []
  m_Father: {fileID: 8941568226492210658}
  m_RootOrder: 0
  m_LocalEulerAnglesHint: {x: 0, y: 0, z: 0}
--- !u!1 &9101471150927670075
GameObject:
  m_ObjectHideFlags: 0
  m_CorrespondingSourceObject: {fileID: 0}
  m_PrefabInstance: {fileID: 0}
  m_PrefabAsset: {fileID: 0}
  serializedVersion: 6
  m_Component:
  - component: {fileID: 3035034127376154035}
  m_Layer: 0
  m_Name: mixamorig8:RightHandRing1
  m_TagString: Untagged
  m_Icon: {fileID: 0}
  m_NavMeshLayer: 0
  m_StaticEditorFlags: 0
  m_IsActive: 1
--- !u!4 &3035034127376154035
Transform:
  m_ObjectHideFlags: 0
  m_CorrespondingSourceObject: {fileID: 0}
  m_PrefabInstance: {fileID: 0}
  m_PrefabAsset: {fileID: 0}
  m_GameObject: {fileID: 9101471150927670075}
  m_LocalRotation: {x: -0.011183582, y: -0.008725663, z: 0.050804015, w: 0.99860793}
  m_LocalPosition: {x: 0.011656329, y: 0.10200716, z: -0.002405983}
  m_LocalScale: {x: 1, y: 1, z: 1}
  m_Children:
  - {fileID: 8180013424131266080}
  m_Father: {fileID: 3650140589137211025}
  m_RootOrder: 3
  m_LocalEulerAnglesHint: {x: 25.814058, y: 1.384508, z: -0.76375616}
--- !u!1 &9198691180102059335
GameObject:
  m_ObjectHideFlags: 0
  m_CorrespondingSourceObject: {fileID: 0}
  m_PrefabInstance: {fileID: 0}
  m_PrefabAsset: {fileID: 0}
  serializedVersion: 6
  m_Component:
  - component: {fileID: 1918244817603367276}
  m_Layer: 0
  m_Name: mixamorig8:Spine1
  m_TagString: Untagged
  m_Icon: {fileID: 0}
  m_NavMeshLayer: 0
  m_StaticEditorFlags: 0
  m_IsActive: 1
--- !u!4 &1918244817603367276
Transform:
  m_ObjectHideFlags: 0
  m_CorrespondingSourceObject: {fileID: 0}
  m_PrefabInstance: {fileID: 0}
  m_PrefabAsset: {fileID: 0}
  m_GameObject: {fileID: 9198691180102059335}
  m_LocalRotation: {x: 6.938894e-18, y: -1.1151525e-13, z: 6.742929e-13, w: 1}
  m_LocalPosition: {x: -0, y: 0.12222601, z: 2.6845826e-10}
  m_LocalScale: {x: 1, y: 1, z: 1}
  m_Children:
  - {fileID: 6782813204789033116}
  m_Father: {fileID: 7274102558070398252}
  m_RootOrder: 0
  m_LocalEulerAnglesHint: {x: 9.991499, y: 0.1546533, z: -0.4056136}
