%YAML 1.1
%TAG !u! tag:unity3d.com,2011:
--- !u!1 &2065048582845519375
GameObject:
  m_ObjectHideFlags: 0
  m_CorrespondingSourceObject: {fileID: 0}
  m_PrefabInstance: {fileID: 0}
  m_PrefabAsset: {fileID: 0}
  serializedVersion: 6
  m_Component:
  - component: {fileID: 8266342845966528197}
  - component: {fileID: 6592591234034496951}
  - component: {fileID: -1252164802189156135}
  - component: {fileID: 2677612768881552932}
  m_Layer: 6
  m_Name: EmptyCard
  m_TagString: Untagged
  m_Icon: {fileID: 0}
  m_NavMeshLayer: 0
  m_StaticEditorFlags: 0
  m_IsActive: 1
--- !u!4 &8266342845966528197
Transform:
  m_ObjectHideFlags: 0
  m_CorrespondingSourceObject: {fileID: 0}
  m_PrefabInstance: {fileID: 0}
  m_PrefabAsset: {fileID: 0}
  m_GameObject: {fileID: 2065048582845519375}
  m_LocalRotation: {x: 0, y: 0, z: 0, w: 1}
  m_LocalPosition: {x: 0, y: 0, z: 0}
  m_LocalScale: {x: 1, y: 1, z: 1}
  m_Children:
  - {fileID: 4903942647019320763}
  m_Father: {fileID: 0}
  m_RootOrder: 0
  m_LocalEulerAnglesHint: {x: 0, y: 0, z: 0}
--- !u!54 &6592591234034496951
Rigidbody:
  m_ObjectHideFlags: 0
  m_CorrespondingSourceObject: {fileID: 0}
  m_PrefabInstance: {fileID: 0}
  m_PrefabAsset: {fileID: 0}
  m_GameObject: {fileID: 2065048582845519375}
  serializedVersion: 2
  m_Mass: 0.1
  m_Drag: 0
  m_AngularDrag: 0.05
  m_UseGravity: 1
  m_IsKinematic: 0
  m_Interpolate: 0
  m_Constraints: 0
  m_CollisionDetection: 0
--- !u!65 &-1252164802189156135
BoxCollider:
  m_ObjectHideFlags: 0
  m_CorrespondingSourceObject: {fileID: 0}
  m_PrefabInstance: {fileID: 0}
  m_PrefabAsset: {fileID: 0}
  m_GameObject: {fileID: 2065048582845519375}
  m_Material: {fileID: 0}
  m_IsTrigger: 0
  m_Enabled: 1
  serializedVersion: 2
  m_Size: {x: 0.3, y: -0.02, z: 0.6}
  m_Center: {x: 0, y: 0.01, z: 0}
--- !u!114 &2677612768881552932
MonoBehaviour:
  m_ObjectHideFlags: 0
  m_CorrespondingSourceObject: {fileID: 0}
  m_PrefabInstance: {fileID: 0}
  m_PrefabAsset: {fileID: 0}
  m_GameObject: {fileID: 2065048582845519375}
  m_Enabled: 1
  m_EditorHideFlags: 0
  m_Script: {fileID: 11500000, guid: 2305e3f1eccc0a14d96ababb2271129d, type: 3}
  m_Name: 
  m_EditorClassIdentifier: 
  cardInfo: {fileID: 0}
  changeInfo: 0
  layerMask:
    serializedVersion: 2
    m_Bits: 128
  offsetCardsMultiplier: 5
  speedThrowAnim: 1
  nRound: 0
  lifeSpan: 1
  canLive: 0
--- !u!111 &1490050865355155810
Animation:
  m_ObjectHideFlags: 0
  m_CorrespondingSourceObject: {fileID: 0}
  m_PrefabInstance: {fileID: 0}
  m_PrefabAsset: {fileID: 0}
  m_GameObject: {fileID: 7380451125580128339}
  m_Enabled: 1
  serializedVersion: 3
  m_Animation: {fileID: 7400000, guid: 07bdd51d765cba944a33d1d75603f23b, type: 2}
  m_Animations:
  - {fileID: 7400000, guid: 07bdd51d765cba944a33d1d75603f23b, type: 2}
  m_WrapMode: 0
  m_PlayAutomatically: 0
  m_AnimatePhysics: 0
  m_CullingType: 0
--- !u!1001 &1880834652036765184
PrefabInstance:
  m_ObjectHideFlags: 0
  serializedVersion: 2
  m_Modification:
    m_TransformParent: {fileID: 8266342845966528197}
    m_Modifications:
    - target: {fileID: 5489475108776353618, guid: b2dc549d855257d4385f790f968cb797, type: 3}
      propertyPath: m_Enabled
      value: 1
      objectReference: {fileID: 0}
    - target: {fileID: 6779145577870140347, guid: b2dc549d855257d4385f790f968cb797, type: 3}
      propertyPath: m_RootOrder
      value: 0
      objectReference: {fileID: 0}
    - target: {fileID: 6779145577870140347, guid: b2dc549d855257d4385f790f968cb797, type: 3}
      propertyPath: m_LocalScale.y
      value: 0.20000002
      objectReference: {fileID: 0}
    - target: {fileID: 6779145577870140347, guid: b2dc549d855257d4385f790f968cb797, type: 3}
      propertyPath: m_LocalScale.z
      value: 0.20000002
      objectReference: {fileID: 0}
    - target: {fileID: 6779145577870140347, guid: b2dc549d855257d4385f790f968cb797, type: 3}
      propertyPath: m_LocalPosition.x
      value: 0
      objectReference: {fileID: 0}
    - target: {fileID: 6779145577870140347, guid: b2dc549d855257d4385f790f968cb797, type: 3}
      propertyPath: m_LocalPosition.y
      value: 0.0072
      objectReference: {fileID: 0}
    - target: {fileID: 6779145577870140347, guid: b2dc549d855257d4385f790f968cb797, type: 3}
      propertyPath: m_LocalPosition.z
      value: -0
      objectReference: {fileID: 0}
    - target: {fileID: 6779145577870140347, guid: b2dc549d855257d4385f790f968cb797, type: 3}
      propertyPath: m_LocalRotation.w
      value: 0.70710677
      objectReference: {fileID: 0}
    - target: {fileID: 6779145577870140347, guid: b2dc549d855257d4385f790f968cb797, type: 3}
      propertyPath: m_LocalRotation.x
      value: 0.70710677
      objectReference: {fileID: 0}
    - target: {fileID: 6779145577870140347, guid: b2dc549d855257d4385f790f968cb797, type: 3}
      propertyPath: m_LocalRotation.y
      value: 0
      objectReference: {fileID: 0}
    - target: {fileID: 6779145577870140347, guid: b2dc549d855257d4385f790f968cb797, type: 3}
      propertyPath: m_LocalRotation.z
      value: 0
      objectReference: {fileID: 0}
    - target: {fileID: 6779145577870140347, guid: b2dc549d855257d4385f790f968cb797, type: 3}
      propertyPath: m_LocalEulerAnglesHint.x
      value: -90
      objectReference: {fileID: 0}
    - target: {fileID: 6779145577870140347, guid: b2dc549d855257d4385f790f968cb797, type: 3}
      propertyPath: m_LocalEulerAnglesHint.y
      value: 180
      objectReference: {fileID: 0}
    - target: {fileID: 6779145577870140347, guid: b2dc549d855257d4385f790f968cb797, type: 3}
      propertyPath: m_LocalEulerAnglesHint.z
      value: 0
      objectReference: {fileID: 0}
    - target: {fileID: 8720713414143325521, guid: b2dc549d855257d4385f790f968cb797, type: 3}
      propertyPath: m_Materials.Array.data[1]
      value: 
      objectReference: {fileID: -700277407823559719, guid: e579dc0b72ebe544f9fde92421b1d583, type: 3}
    - target: {fileID: 8968549310680561235, guid: b2dc549d855257d4385f790f968cb797, type: 3}
      propertyPath: m_Name
      value: CardPrefab
      objectReference: {fileID: 0}
    - target: {fileID: 8968549310680561235, guid: b2dc549d855257d4385f790f968cb797, type: 3}
      propertyPath: m_Layer
      value: 6
      objectReference: {fileID: 0}
    m_RemovedComponents:
    - {fileID: 5489475108776353618, guid: b2dc549d855257d4385f790f968cb797, type: 3}
  m_SourcePrefab: {fileID: 100100000, guid: b2dc549d855257d4385f790f968cb797, type: 3}
--- !u!1 &7380451125580128339 stripped
GameObject:
  m_CorrespondingSourceObject: {fileID: 8968549310680561235, guid: b2dc549d855257d4385f790f968cb797, type: 3}
  m_PrefabInstance: {fileID: 1880834652036765184}
  m_PrefabAsset: {fileID: 0}
--- !u!4 &4903942647019320763 stripped
Transform:
  m_CorrespondingSourceObject: {fileID: 6779145577870140347, guid: b2dc549d855257d4385f790f968cb797, type: 3}
  m_PrefabInstance: {fileID: 1880834652036765184}
  m_PrefabAsset: {fileID: 0}
